1718 2919
317 220 394 259 108
582 217 1329 259 ADNOTATIONES

317 322 547 359 testimonio
581 328 690 360 sunt.
736 324 920 370 Τριτέας
953 323 1143 361 adfirmat
1175 329 1331 372 praeter
1364 322 1609 372 Thucydidem

314 378 678 427 Ethnicographus:
720 378 814 415 hinc
843 379 1018 430 Hesychii
1046 380 1180 427 Τριτ-ἷες
1206 377 1330 421 γενεῆν,
1372 378 1400 415 οἱ
1426 375 1500 414 dno*
1530 382 1608 423 Τρι-

316 449 349 470 τε
353 434 394 469 ὦν
417 433 501 471 ndi.-
491 450 544 476 ως
562 432 651 476 κύνες
662 459 672 475 ,
692 432 713 475 ἦ
728 433 794 471 ἔστι
813 436 951 473 πλησίον
973 431 1126 476 Φωκίδος.
1164 432 1349 481 Reliquis
1369 444 1447 468 non
1475 431 1606 467 inmo-

314 500 385 524 ror
401 514 411 532 ,
448 488 634 536 expositis
662 501 683 525 a
713 489 813 526 Nob.
843 489 1020 525 Palmerio
1061 491 1128 526 Gr.
1158 488 1301 536 Antiq.
1337 487 1412 557 lib.
1441 485 1606 524 V1.15.

317 545 374 583 W
387 546 415 579 E
428 543 499 580 SS.

372 598 463 634 Ibid.
491 596 583 635 nura*
606 601 664 640 μὲν
686 595 834 635 ἔκαυσαν
854 596 1015 645 Δρόμον
1039 594 1136 646 etc.)
1164 596 1389 635 Secundum
1411 596 1599 633 Plutarch.

315 654 359 688 T.
383 654 428 689 II.
455 665 493 701 p.
511 653 601 688 868.
622 667 656 689 B.
676 660 906 689 narraverat
926 654 1147 697 Herodotus,
1171 649 1380 700 τρισκαίδεκα
1397 649 1518 693 πόλεις
1538 651 1602 687 τῶν

318 709 453 744 Φωκέων
473 706 541 744 ύπδ
566 708 627 744 τοῦ
648 705 815 755 βαρβάρου
834 707 1130 744 κατακεκαῦσθαιε
1159 707 1330 743 scribere
1350 706 1490 742 saltem
1514 715 1605 741 cen-

315 774 380 798 sot·
399 762 539 797 debuit
563 758 817 799 πεντεκκίδεκοιε
840 762 913 797 hoc
940 761 1049 797 enim
1070 762 1199 809 capite
1217 763 1398 798 duodecim
1424 766 1462 796 et
1484 760 1606 808 paulo

316 822 402 864 post
437 824 507 853 tres
537 822 813 852 memorantur
842 817 959 853 urbes
992 816 1193 861 Phocidis,
1225 816 1269 852 in
1300 828 1474 865 quarum
1508 820 1607 850 tecta

315 871 460 908 incolis
479 884 600 907 vacua
628 872 718 920 igne
742 873 874 908 Persae
899 871 1125 908 saevierint.
1163 871 1233 908 His
1253 869 1486 920 quindecim
1509 869 1607 905 duas

315 927 348 962 si
379 921 547 971 eximas,
573 939 670 974 quas
690 926 958 963 incolentium
980 926 1168 971 nomine,
1198 925 1242 962 ni
1264 926 1410 970 fallor,
1429 923 1608 974 designa-

317 986 396 1025 tas,
421 979 554 1024 Πεδιέας
571 981 676 1018 dixit
697 988 735 1018 et
755 982 914 1028 Τριτέας.
935 989 1079 1018 ceteras
1105 993 1261 1026 omnes,
1291 980 1432 1017 iisdem
1462 980 1608 1041 pleras-

314 1048 393 1084 que
413 1036 648 1072 nominibus
666 1042 900 1073 memoratas
920 1038 1140 1082 Pausaniae,
1160 1037 1242 1073 solo
1261 1042 1391 1084 postea
1416 1033 1607 1082 temporis

312 1091 477 1139 aequari
513 1091 630 1127 iussit
657 1091 1000 1139 Amphictyonum
1033 1091 1228 1139 praesidio
1258 1092 1368 1127 ferox
1395 1089 1608 1138 Philippus

313 1148 514 1194 Amyntae
543 1147 624 1187 fil..
658 1159 749 1182 cum
779 1147 934 1184 funesto
962 1149 1128 1184 Graecae
1156 1145 1335 1182 libertati
1364 1145 1473 1181 bello
1498 1156 1610 1180 sacro

315 1202 437 1237 finem
459 1201 722 1248 imposuisset.
754 1203 908 1238 Praeter
929 1202 1022 1237 istas
1038 1207 1196 1245 autem,
1218 1202 1282 1237 hic
1303 1207 1342 1236 et
1360 1200 1469 1235 infra
1489 1200 1609 1236 Hero-

314 1257 400 1292 doto
426 1262 682 1300 memoratas,
710 1255 814 1291 idem
841 1261 927 1292 tum
954 1262 1103 1292 ceterae
1126 1255 1304 1292 Phocidis
1332 1256 1472 1298 urbes,
1504 1265 1608 1302 quae

315 1310 552 1359 praecipuae
571 1316 686 1347 erant
711 1310 812 1347 duae
831 1315 869 1347 et
893 1311 1063 1360 viginti,
1087 1311 1197 1348 triste
1216 1311 1343 1347 fatum
1370 1308 1611 1354 subierunt,

316 1366 409 1402 unis
440 1365 538 1402 Ahis
566 1365 750 1413 exceptis.
786 1368 879 1402 Istas
903 1379 1002 1403 xx11.
1035 1367 1151 1402 urbes
1182 1372 1268 1402 tum
1304 1365 1455 1401 deletas
1478 1375 1610 1400 recen-

313 1427 370 1457 set
394 1423 551 1457 Pausan.
581 1423 629 1458 X.
661 1434 698 1468 p.
721 1421 811 1457 803.
834 1426 872 1456 et
901 1423 992 1465 804.
1030 1422 1218 1457 Herodoto
1248 1424 1498 1456 enumeratas
1527 1418 1610 1455 sin-

313 1475 482 1525 gulatim
509 1488 579 1523 pro
609 1475 791 1512 doctrina
818 1489 884 1512 sua
910 1476 1175 1525 Geographica
1208 1474 1392 1512 tractavit
1418 1475 1494 1511 Iac.
1522 1475 1610 1511 Pat-

316 1545 400 1567 mer.
434 1533 568 1568 Graec.
595 1532 693 1567 Ant.
724 1533 794 1567 VI.
828 1543 860 1568 c.
898 1531 978 1574 15„
1009 1531 1064 1567 sic
1096 1537 1250 1575 tamen,
1288 1535 1335 1566 ut
1359 1528 1515 1577 saepius
1545 1528 1613 1566 vir

314 1585 492 1635 egregius
514 1597 646 1622 errare
670 1586 877 1631 debuerit,
908 1598 978 1622 nec
998 1585 1147 1622 Critica
1179 1584 1357 1621 sollertia
1387 1594 1517 1632 neque
1545 1583 1610 1620 in-

313 1646 488 1677 structus
522 1646 703 1677 accurata
730 1640 906 1690 Linguae
940 1644 1107 1677 Graecae
1148 1640 1306 1689 peritia.
1352 1641 1410 1676 De
1444 1638 1607 1681 multis.

314 1707 417 1745 quae
436 1695 500 1731 hic
519 1695 598 1732 dici
622 1701 796 1743 possent,
818 1708 928 1732 nunc
945 1695 1038 1732 satis
1056 1695 1135 1732 erit
1164 1695 1284 1731 semel
1306 1695 1509 1731 Pausaniae
1534 1706 1608 1730 suo

312 1752 399 1787 loco
430 1750 672 1795 restituisse,
709 1763 812 1799 quae
846 1750 889 1786 in
917 1750 1098 1787 alienum
1133 1750 1424 1799 immigrarunt
1460 1748 1533 1784 lib.
1555 1750 1605 1785 Χ.

314 1802 372 1856 [c.
395 1807 459 1850 54.
466 1802 479 1854 ]
512 1819 549 1853 p.
574 1807 663 1842 885.
682 1831 692 1850 ,
719 1806 747 1843 ἕν
775 1809 849 1848 ταῖς
875 1806 1009 1843 Φωκέων
1039 1821 1084 1843 ‘m
1081 1803 1125 1842 ’ὶε
1116 1822 1195 1847 σιν,
1228 1803 1268 1848 ας
1298 1804 1315 1842 o‘
1337 1801 1450 1845 Μῆδος
1481 1803 1625 1851 tutum*

314 1877 364 1898 σεν
381 1887 390 1904 ,
414 1859 594 1908 α’ριθμησαι
614 1877 671 1898 κκι
691 1877 748 1901 την
767 1860 828 1898 ’1-:7
831 1876 890 1898 ατε
892 1859 944 1897 ιαίι
964 1861 1047 1897 ἔστιν
1076 1861 1104 1897 ἐν
1128 1859 1268 1902 ταύταις
1296 1857 1413 1907 (καιτοὶ
1429 1855 1545 1905 ‘9H303'
1547 1874 1604 1895 τοι)

313 1913 463 1957 λόγους).
503 1915 725 1952 Novissima
756 1915 835 1952 huc
864 1915 1021 1952 retraho
1053 1926 1100 1951 ex
1130 1915 1211 1951 fine
1243 1927 1281 1962 p.
1307 1915 1399 1958 884.
1426 1908 1485 1963 [c.
1517 1913 1581 1949 33.
1592 1909 1612 1962 J

312 1971 528 2007 VALCK.

370 2038 406 2074 9.
435 2026 492 2062 καὶ
519 2026 570 2062 νῦν
596 2025 662 2062 ἔστι
689 2021 899 2072 χρηστήριον)
931 2024 1108 2061 Celebris
1133 2023 1219 2060 eius
1242 2023 1286 2059 in
1306 2022 1431 2060 Musis
1451 2022 1606 2058 mentio

312 2078 386 2115 lib.
409 2081 435 2115 I.
457 2079 541 2123 46.,
565 2091 683 2126 supra
705 2092 736 2115 c.
761 2092 823 2125 27.
844 2085 880 2115 et
906 2078 999 2115 dein
1024 2092 1057 2115 c.
1080 2079 1191 2123 154„
1211 2078 1350 2114 itidem
1376 2076 1483 2126 apud
1503 2077 1605 2114 alios

312 2133 357 2169 in
382 2134 561 2182 Leopardi
582 2134 746 2170 Emend.
766 2133 838 2170 lib.
858 2135 926 2170 VI.
952 2147 1014 2170 22.
1036 2140 1076 2171 et
1099 2133 1253 2171 casaub.
1273 2132 1321 2169 ad
1341 2132 1512 2170 strabon.
1535 2134 1605 2169 IX.

314 2202 355 2237 p.
371 2190 463 2233 647.
483 2185 548 2237 [p.
572 2189 662 2232 425.
681 2188 741 2224 ed.
762 2185 873 2238 Cas.]
903 2189 1088 2228 WESS.

423 2241 566 2282 CAP-
591 2241 799 2281 XXXV.
821 2252 843 2287 4
861 2257 933 2292 seq.
959 2243 1135 2280 Πκνσπέων
1154 2240 1212 2281 *triv
1231 2240 1331 2278 πόλιν
1354 2238 1450 2289 etc.)
1476 2242 1607 2278 Dauli-

313 2299 390 2335 dem
418 2303 457 2334 et
484 2299 654 2347 Panopea
685 2300 796 2334 I'oe‘ta
825 2297 867 2333 in
903 2298 1110 2346 Catalogo,
1139 2293 1278 2347 [Iliad.
1309 2294 1355 2336 β’.
1388 2296 1506 2342 52o.]
1540 2295 1602 2332 uti

310 2353 413 2390 situs
435 2352 681 2401 requirebat,
712 2352 861 2389 iunxit.
891 2353 998 2400 Quas
1025 2352 1140 2387 urbes
1166 2363 1258 2387 cum
1285 2352 1420 2388 Persae
1445 2350 1603 2386 inflam-

313 2407 488 2452 marint,
505 2405 737 2444 Αἰολιδέων
771 2407 917 2444 titulus
933 2406 1072 2455 oppidi
1092 2405 1288 2454 conplecti
1309 2415 1453 2442 nomen
1475 2405 1602 2441 dehet.

309 2463 391 2503 ,Ubi
419 2461 575 2501 veroin
597 2462 763 2499 Phocide
793 2462 932 2500 illud?
962 2463 1157 2500 Pa⁷merius
1186 2473 1279 2498 cum
1308 2460 1418 2498 omni
1442 2459 1602 2499 Graecia
