1718 2919
263 175 344 223 364
595 173 1222 214 CORRIGENDA

259 279 483 315 insidentem.
533 294 574 328 p.
597 280 639 316 61
659 306 669 324 ‚
692 293 751 316 10.
782 280 1003 329 Pelasgicus.
1043 293 1083 328 p.
1110 279 1172 315 62.
1190 281 1216 315 l.
1236 279 1345 327 4fin.
1367 289 1440 314 scr.
1461 290 1556 327 quae.

259 340 344 369 sunt
363 336 438 369 alia
460 334 647 383 Pelasgica
666 335 811 384 oppida.
847 348 887 383 p.
911 347 922 369 ι
938 345 980 380 17
993 360 1003 379 ‚
1025 335 1060 370 8.
1082 346 1151 382 pro
1164 335 1288 382 populi
1309 343 1409 381 pone
1420 333 1564 382 plebis.·

255 401 298 436 p.
327 388 413 433 137.
440 402 449 423 ι
468 402 498 425 1.
520 402 590 437 pro
608 389 692 425 istis
706 415 715 433 ‚
734 403 838 439 quum
851 403 918 438 per
936 395 1050 425 totum
1071 390 1162 425 diem
1181 389 1434 437 parturii-sset,
1454 388 1548 424 haec

262 454 386 490 pone,
410 446 506 480 cuius
526 451 652 493 partus
674 446 712 480 in
732 445 804 480 dies
826 446 988 493 singutas
1007 444 1293 493 exspectabatur.
1328 456 1368 491 p.
1393 442 1463 479 152
1478 468 1489 486 ‚
1509 455 1550 487 7·

264 499 316 533 Te
330 512 411 534 vero
433 507 597 536 manente
615 502 726 548 Rege,
753 511 854 534 corr.
874 500 928 534 Ea:
948 512 1016 547 quo
1036 505 1073 534 tu
1098 512 1181 535 vero
1204 499 1410 546 auspicatus
1435 511 1470 533 es
1491 510 1551 533 re-

260 565 384 600 gnum.
438 554 509 603 169
523 583 532 599 ,
551 564 572 598 4
585 576 602 583 -
616 555 651 590 6.
681 568 763 590 nam
788 556 953 590 similiter
971 574 989 581 -
1006 572 1024 581 ·
1045 556 1267 589 commissam
1284 558 1443 588 exercet:
1463 562 1552 587 ver-

260 606 410 643 sionem
440 609 592 658 corrige
617 609 663 644 ad
691 609 841 646 Adnot.
861 607 908 644 ad
937 608 975 644 h.
998 608 1026 644 l.
1077 623 1117 657 p.
1142 621 1229 657 ¹79·
1248 610 1274 644 l.
1293 608 1399 655 Gfin.
1429 607 1553 643 Cratis

260 674 361 698 corr.
381 664 542 700 Crathis.
581 672 623 713 p.
648 665 735 714 196.
767 670 851 712 post
871 667 896 700 l.
919 663 956 699 3.
981 663 1122 699 omissa
1148 662 1276 698 adiice
1294 662 1434 698 verba:
1467 661 1554 697 Na-

258 717 435 766 vigabant
453 727 570 755 autem
597 733 670 755 non
693 720 858 755 rotundis
887 719 1031 755 navibus
1044 747 1052 761 ,
1079 720 1140 755 sed
1159 714 1340 766 (longis)
1357 722 1553 765 pentecon-

260 774 359 808 teris.
402 787 437 821 Ρ.
464 776 538 817 246
555 800 563 810 .
591 775 699 822 Gseq.
729 786 801 821 pro
828 787 975 823 quorum
1001 775 1160 822 plerique
1185 784 1286 808 corr.
1310 773 1368 821 qui
1399 772 1553 820 utpluri-

262 841 351 862 mum
368 856 375 868 ‚
397 829 456 864 ve!
473 855 482 871 ‚
510 831 569 878 qui
587 832 693 878 longe
712 831 869 877 plurima
889 843 930 864 esc
946 835 1067 877 parte.

314 883 411 919 LIB.
435 885 484 919 ΙΙ.
511 898 602 933 pag.
632 885 729 929 275,
748 897 784 929 7.
814 895 914 919 corr.
935 884 1126 931 utrimque,
1157 880 1227 916 ubi
1255 891 1373 929 prave
1402 881 1552 929 utrique.

263 937 335 972 332
353 964 362 980 ‚
381 950 418 980 Δ..
449 944 573 986 proin
601 941 738 988 templis
768 951 841 974 scr.
868 952 910 974 ex
935 940 1101 974 victimis.
1149 937 1222 980 564
1239 963 1249 980 ‚
1280 949 1314 973 2.
1344 947 1417 983 pro
1444 937 1557 972 calice

259 1004 331 1027 scr.
350 996 485 1044 calyce.
530 1009 569 1042 p.
593 995 664 1037 577
681 1021 689 1033 .
717 1007 776 1031 ιο.
799 1000 881 1040 post
904 993 1132 1029 Colchorum.
1156 991 1297 1027 omissa
1317 989 1445 1026 adiice
1460 990 1554 1026 haec

258 1049 399 1083 verba:
423 1050 556 1085 Putare
574 1057 688 1085 autem
720 1063 756 1085 se
778 1049 923 1084 aiebant
946 1049 1144 1100 Aegyptii,
1167 1060 1242 1083 esse
1262 1046 1413 1083 Colchos
1435 1046 1477 1081 de
1494 1058 1556 1081 ez·-

258 1105 370 1138 ercitu
389 1106 573 1140 Sesostris.
616 1119 655 1152 p.
674 1105 748 1153 595
763 1132 772 1147 ,
792 1117 828 1140 2.
847 1115 948 1139 corr.
971 1105 1169 1140 Menelaus.
1209 1115 1250 1150 p.
1267 1102 1342 1145 458
1359 1105 1459 1136 extr.
1481 1112 1552 1148 pro

258 1171 276 1192 e
294 1161 446 1207 vestigio
476 1171 576 1206 pone
589 1162 727 1206 palam.

312 1214 408 1249 LIB.
428 1215 496 1251 III.
514 1227 601 1263 pag-
635 1214 705 1249 138
723 1240 732 1256 ‚
757 1210 1016 1259 6.f›·0ntibus‚
1045 1224 1145 1247 corr.
1158 1208 1370 1257 frondibus.
1411 1224 1452 1258 p.
1477 1209 1551 1255 173

252 1271 392 1315 penult.
415 1281 485 1316 pro
505 1271 761 1317 exercitumque
784 1269 970 1304 contraxit
994 1278 1093 1315 pone
1121 1268 1350 1315 traiicereque
1364 1266 1555 1303 exercitum

253 1324 414 1372 paravit.
458 1338 497 1373 p.
519 1327 588 1360 182
609 1351 618 1368 5
642 1337 676 1369 7.
700 1336 770 1371 pro
800 1323 964 1359 uxoribus
985 1334 1056 1358 scr.
1079 1321 1291 1357 mulieribus.

312 1379 408 1415 LIB.
431 1380 499 1415 IV.
526 1394 566 1428 p.
595 1380 668 1414 208
685 1405 694 1421 ,
716 1392 752 1414 2.
783 1384 866 1425 post
886 1379 1083 1426 persecuti,
1110 1376 1231 1418 adde,
1257 1377 1369 1412 donec
1396 1375 1555 1412 Mediam

256 1439 342 1468 sunt
361 1435 528 1482 ingressi.
567 1447 659 1483 pag.
682 1446 771 1469 221.
792 1435 816 1470 l'.
836 1436 939 1481 5Jin.
954 1445 1025 1480 pro
1037 1445 1103 1481 quo
1119 1444 1191 1467 scr.
1209 1431 1314 1480 quod.
1353 1444 1393 1479 p.
1413 1442 1504 1476 227,
1517 1429 1552 1464 8.

258 1488 314 1523 sic
331 1490 449 1524 verba
470 1489 694 1538 distingue:
720 1495 826 1537 atque
850 1490 947 1536 Opin
968 1489 1125 1535 virgines
1142 1515 1150 1531 ,
1167 1500 1209 1522 ex
1229 1485 1473 1536 Hyperboreis
1493 1485 1556 1520 iti-

260 1556 341 1578 nere
371 1549 444 1580 etc.
495 1558 534 1593 p.
558 1545 656 1588 230,
680 1543 716 1579 5.
746 1555 848 1579 corr.
871 1543 1138 1594 Myriandrico.
1189 1555 1227 1589 p.
1256 1541 1356 1583 260,
1386 1553 1418 1574 ι.
1452 1550 1556 1574 corr.

259 1604 411 1634 temone.
453 1613 492 1647 p.
517 1600 591 1645 537
608 1625 618 1641 ‚
638 1601 663 1634 t.
680 1600 782 1645 afin.
803 1610 905 1634 corr.
929 1598 1123 1633 Tisameni.
1168 1610 1208 1644 p.
1232 1595 1306 1644 339
1320 1621 1330 1638 ‚
1354 1607 1388 1630 2.
1410 1593 1555 1630 habita-

260 1658 376 1689 turus.
406 1667 445 1702 p.
464 1655 539 1697 548
552 1680 562 1697 ,
575 1655 784 1701 afimante
798 1653 955 1689 incubuit
973 1651 1071 1687 adde
1085 1652 1210 1686 denuo.
1244 1663 1282 1697 p.
1299 1649 1374 1694 375
1388 1675 1398 1693 ‚
1419 1649 1454 1684 8.
1471 1653 1556 1696 post

258 1715 386 1744 exurat
405 1708 533 1744 adiice
551 1716 657 1758 atque
668 1709 812 1757 perdat.
857 1722 896 1756 p.
921 1708 995 1757 593
1017 1713 1109 1742 extr.
1130 1717 1202 1752 pro
1219 1705 1322 1740 Batti
1334 1706 1444 1750 filia,
1461 1701 1557 1739 scri-

258 1763 308 1798 be
326 1764 430 1799 Batti
454 1777 557 1800 uxor.

314 1819 411 1854 LIB.
442 1820 488 1855 V.
508 1811 599 1868 pag.
620 1818 695 1863 415
714 1844 723 1861 ,
752 1831 771 1867 9
789 1831 860 1866 seq.
887 1828 959 1864 pro
991 1817 1091 1851 multi
1120 1820 1205 1851 sunt
1228 1815 1400 1862 remiges,
1427 1810 1558 1848 scribe

260 1875 407 1909 multum
442 1879 495 1909 est
528 1875 621 1923 ligni
653 1873 880 1922 conficiendis
908 1873 1011 1907 remis
1040 1871 1170 1906 idonei.
1211 1881 1301 1918 pag.
1323 1868 1420 1911 462,
1442 1879 1462 1912 7
1482 1879 1554 1914 seq.

260 1928 406 1963 scribe:
438 1942 554 1977 quem,
590 1929 746 1977 quamvis
763 1928 1011 1975 peregrinum,
1040 1932 1159 1961 tamen
1192 1931 1230 1959 ut
1256 1924 1411 1959 vicinum
1434 1927 1469 1957 et
1497 1933 1557 1957 so-

259 1985 348 2017 cium
361 2012 369 2026 ‚
384 1985 529 2020 adiecit.
567 1998 604 2031 p.
629 1983 696 2018 501
718 1985 857 2030 penult.
875 1993 947 2029 pro
957 1978 1123 2029 profecto
1136 1991 1209 2015 scr.
1223 1980 1366 2015 reiecto.
1406 1990 1447 2025 p.
1467 1975 1559 2018 502,

263 2050 299 2084 7.
319 2050 419 2074 corr.
440 2039 723 2074 decertaverant.
1408 2060 1413 2063 ·

316 2093 413 2129 LIB.
434 2094 517 2128 VH.
532 2106 624 2142 pag.
650 2093 740 2141 169,
763 2093 799 2129 8.
820 2103 893 2127 scr.
910 2096 958 2125 ut
984 2096 1018 2125 et
1041 2102 1120 2138 ego.
1172 2102 1212 2136 p.
1238 2094 1311 2136 194
1332 2092 1426 2123 extr.
1452 2095 1556 2120 corr.

263 2161 382 2184 naves.
436 2161 475 2196 p.
500 2160 598 2191 210,
619 2156 639 2190 4
661 2160 733 2194 seq.
753 2146 900 2182 scribe:
930 2146 1126 2193 Magnae
1148 2145 1242 2178 enirn
1271 2154 1340 2177 res
1361 2161 1378 2168 -
1396 2159 1415 2167 -
1432 2160 1450 2169 -
1469 2153 1558 2176 corv-

249 2204 318 2250 fici
344 2216 422 2250 pos
437 2217 481 2238 su
497 2209 558 2238 nt.
601 2216 641 2250 p.
665 2202 760 2245 265,
784 2202 818 2236 6.
840 2200 1021 2243 absumite,
1049 2210 1150 2235 corr.
1171 2199 1349 2233 adsumto.
1393 2209 1430 2243 p.
1453 2194 1523 2238 341
1543 2218 1554 2238 ‚

269 2270 328 2292 10.
360 2270 429 2304 pro
453 2271 556 2293 naves
579 2257 796 2304 obliquas
827 2261 974 2298 nactus,
1002 2266 1074 2289 scr.
1102 2266 1206 2289 naves
1230 2254 1274 2287 in
1294 2253 1392 2287 alto
1413 2255 1556 2285 nactus.

257 2326 296 2360 p.
323 2312 419 2351 556,
442 2322 462 2355 a
481 2326 551 2360 seq.
584 2324 654 2358 pro
679 2325 757 2346 cum
783 2311 925 2346 delectis
943 2328 959 2335 —
977 2328 993 2335 -
1011 2310 1125 2343 -viris
1139 2337 1147 2351 ,
1176 2306 1303 2342 scribe
1324 2318 1400 2340 cum
1421 2305 1554 2340 delecto

261 2380 286 2402 a
313 2381 348 2402 se
374 2370 533 2415 legitimo
564 2372 801 2402 trecentorum
831 2367 987 2400 virorum
1021 2376 1183 2406 numero,
1207 2368 1240 2397 et
1269 2361 1406 2410 quidem
1436 2358 1558 2408 quibus

262 2422 356 2458 dorni
375 2428 446 2458 etc.
492 2436 529 2470 p.
551 2421 639 2470 589.
661 2423 685 2457 t.
710 2421 813 2468 5fl71..
834 2425 917 2467 post
938 2420 1138 2455 memoravi.
1159 2416 1308 2453 adiice:
1331 2415 1561 2452 Resciverant

259 2482 378 2513 autem
398 2477 552 2513 mirabili
574 2478 728 2526 quadam
747 2476 901 2511 ratione.
