1718 2919
347 220 424 262 338
646 217 1401 262 ADNOTATIONES

347 326 607 369 Chorasmius,·
630 323 694 360 sed
710 351 720 369 ‚
743 323 848 372 quod
871 324 1012 361 Noster
1032 325 1289 373 planissime,
1311 325 1393 376 οἷνῆρ
1408 328 1549 376 Πέρσης,
1571 329 1652 368 ori-

344 384 437 434 gine
458 386 498 416 et
515 380 633 416 domo
654 381 785 421 Persa
809 379 880 415 lib.
896 381 962 416 IX.
987 381 1073 417 115.
1091 382 1274 420 WESS.
1561 404 1563 407 ·

465 432 1168 483 CAP·LXXIX.1-Mo?92,c‚
1207 438 1383 474 Hecataei
1417 438 1647 477 testimonio

344 493 450 543 apud
464 491 686 540 Stephanum
702 490 982 539 protectissimi
1000 497 1137 527 contra
1154 492 1205 528 Is.
1223 493 1345 529 Vossii
1369 491 1498 541 (Ko‘e‘ffig
1511 499 1548 530 et
1562 490 1645 545 [lin.

347 547 398 599 6.]
418 548 536 596 Καρῶν
559 543 835 594 emendantis)
857 545 1072 582 molimina
1088 552 1196 583 sunt.
1219 548 1330 584 Cares
1349 547 1493 597 utique
1506 549 1556 585 ab
1575 551 1646 588 hac

342 604 525 656 gentium
547 602 647 638 serie.
669 600 924 638 alienissimi.
958 601 1063 639 Vide
1083 615 1116 638 c.
1140 602 1202 652 93.
1232 603 1406 641 WESS.
1427 623 1478 630 -
1518 606 1644 642 Immo

340 660 431 698 vide
447 661 512 696 ΙΙΙ.
529 665 598 708 94,
618 671 654 704 7.
677 657 819 705 ibique
833 661 979 693 notata.
1023 658 1171 694 Isaacus
1187 668 1281 693 vero
1306 659 1453 695 Vossius
1475 659 1644 698 ubinam

340 712 654 765 significaverit,
682 714 789 760 Κᾶρες
820 711 858 747 h.
890 712 918 748 l.
952 724 1023 760 pro
1058 713 1172 760 Μᾶρες
1199 713 1504 762 corrigendum,
1536 714 1640 751 mihi

342 784 423 808 non
445 770 590 818 liquet.
617 767 727 805 Illud
747 766 882 811 video,
903 767 1088 803 eumdem
1112 769 1278 804 Vossium
1296 768 1337 804 in
1361 769 1474 806 Notis
1496 769 1545 805 ad
1566 774 1642 808 Me-

340 830 413 864 lam
439 839 476 874 p.
502 826 592 862 562.
611 823 757 859 diserte
776 822 1009 868 adfirmare,
1031 823 1184 858 eosdem
1208 823 1246 860 h.
1264 824 1292 859 l.
1314 826 1436 861 Mares
1458 825 1510 860 ab
1527 826 1645 862 Hero-

340 884 426 919 doto
452 878 693 923 memorari,
723 891 824 926 quos
848 878 955 926 apud
976 878 1161 914 eumdem
1189 878 1260 915 lib.
1283 880 1345 916 ΙΙΙ.
1368 891 1400 916 c.
1425 888 1493 931 94,
1514 893 1551 927 7.
1580 880 1643 917 in·

338 936 573 986 telligendos
594 945 674 970 esse
692 933 775 981 ipse
800 935 948 971 Vossius
971 933 1121 970 docuit.
1150 931 1195 971 S.

449 989 596 1030 CAP.
627 987 824 1027 LXXX.
859 1002 892 1025 2.
923 988 997 1032 τούς
1033 987 1361 1031 ἀνασπάστους
1390 987 1639 1042 καλεομένους)

336 1048 405 1085 His
434 1046 592 1097 gemina
621 1044 695 1081 lib.
714 1045 777 1080 ΙΙΙ.
806 1045 870 1094 95.
900 1044 981 1092 Qui
1003 1045 1104 1081 solos
1130 1044 1260 1089 Cares,
1285 1045 1335 1080 ob
1365 1045 1458 1082 haec
1486 1048 1641 1084 Arriani

333 1103 529 1144 'Avoe13.111.
546 1103 581 1137 8.
604 1101 631 1138 οἱ
649 1097 675 1137 δ’
695 1097 911 1138 οἷννῖσπαστοι
926 1100 1054 1147 Κᾶρες,
1073 1099 1397 1149 intelligitBarn.
1410 1101 1616 1140 Brissonius
1629 1129 1641 1149 ⁷

334 1161 458 1209 Regu.
483 1159 585 1193 Pers.
606 1156 679 1192 lib.
702 1156 748 1192 ΙΙ.
773 1168 805 1191 c.
832 1155 919 1192 225.
942 1155 1160 1191 admodum
1190 1167 1332 1203 parcus
1357 1161 1438 1200 est,
1465 1168 1648 1204 praeser·‚

334 1215 409 1251 tim
430 1226 523 1251 cum
545 1223 607 1248 eos
632 1210 676 1246 in
704 1210 852 1247 insulis
883 1212 1067 1248 Arrianus
1099 1223 1179 1246 non
1219 1211 1333 1247 locet.
1361 1211 1521 1249 Barcaei
1555 1210 1641 1251 οἶνοί.

332 1286 479 1308 ‹motez-m
493 1295 503 1311 ,
530 1269 713 1310 Paeones,
739 1266 1003 1309 Eretrienses,
1017 1279 1138 1314 supra
1160 1272 1460 1311 memorantur,
1482 1279 1554 1304 nec
1569 1268 1638 1305 has

333 1331 466 1361 tamen
495 1324 540 1359 in
568 1321 723 1358 insulas
747 1321 932 1369 depositi.
964 1322 1106 1358 Ctesiae
1130 1324 1249 1358 verba
1265 1348 1274 1366 ‚
1294 1323 1344 1357 ab
1360 1321 1636 1360 eruditissimo

331 1381 418 1417 viro
442 1378 640 1426 adscripta
652 1403 661 1421 a
679 1375 899 1419 ἀνάσπαστος
916 1377 1041 1418 ’γίνεται
1057 1377 1097 1419 εἷς
1116 1374 1268 1424 Ἐρυθροὶν
1280 1403 1289 1421 ,
1305 1377 1445 1414 Persic.
1461 1389 1547 1426 cap.
1569 1379 1635 1429 39.

331 1435 436 1483 ipsos
451 1437 605 1478 Persas,
633 1431 771 1468 delicti
801 1431 973 1476 adfines,
1010 1432 1089 1468 huc
1123 1432 1312 1481 relegatos
1337 1445 1635 1482 nonnunquam

331 1490 453 1527 fuisse
487 1488 716 1526 ostendunt.
757 1486 896 1524 Latius
928 1491 1060 1523 tamen
1089 1486 1194 1523 vocis
1224 1487 1357 1533 notio,
1391 1487 1440 1524 ad
1471 1488 1635 1527 lib.1V.

332 1555 424 1592 204.
457 1543 631 1592 exposita
645 1572 654 1587 ‚
672 1547 795 1578 semet
811 1542 1003 1579 extendit.
1031 1542 1165 1581 WES
1179 1542 1217 1579 S.

441 1598 587 1639 CAP.
611 1594 866 1636 LXXXII.
891 1605 929 1641 4.
949 1594 1203 1647 Σμερδομένης)
1235 1597 1299 1634 Sic
1331 1598 1490 1644 malui,
1517 1604 1564 1636 ut
1586 1599 1629 1636 in

328 1655 507 1692 hominis
538 1654 703 1691 nomine
723 1652 920 1689 discordia
949 1658 1127 1689 cessaret.
1171 1659 1245 1691 Σμε
1249 1649 1399 1697 ροομένεσι
1423 1654 1631 1702 adpellant

331 1711 517 1760 plerique
536 1721 672 1747 omnes
698 1721 731 1745 c
765 1721 852 1744 122.
881 1708 991 1744 Illud
1017 1713 1154 1744 autem
1183 1703 1278 1758 [lin.
1305 1704 1366 1759 5.]
1393 1707 1493 1758 Ξέρξη
1513 1706 1578 1748 δὲ’
1565 1712 1632 1752 εγί.

328 1782 412 1804 νοντο
447 1765 501 1803 οένε
504 1768 601 1810 ῲιοὶ,
642 1763 685 1799 in
714 1763 912 1812 positione
939 1763 1129 1800 dictionis
1162 1762 1374 1800 concordat
1404 1777 1437 1800 c.
1472 1764 1507 1801 5.
1530 1761 1565 1808 ἒς
1592 1768 1629 1806 ἦν

327 1820 426 1869 Ξέρξῃ
448 1824 506 1863 μὲν
525 1819 580 1857 dus
583 1817 666 1864 ψιος
677 1845 687 1862 ,
714 1820 847 1867 Δαρείου
880 1815 911 1856 δὲ
930 1815 1079 1863 οέδελςῡε
1057 1835 1094 1862 κς
1121 1834 1216 1862 παις.
1245 1818 1352 1855 Vide
1374 1818 1422 1855 ad
1450 1819 1633 1868 superio·

328 1876 382 1912 ris
402 1874 502 1912 libri
527 1887 561 1911 c.
586 1874 674 1910 103.
707 1874 890 1911 WESS.

434 1927 582 1971 CAP.
602 1926 885 1967 LXXXIII.
914 1928 949 1965 5.
977 1929 1044 1966 ἐπὶ
1074 1925 1235 1979 τοῦδε)
1270 1930 1447 1967 Glossam
1478 1929 1630 1967 redolet

322 1988 422 2024 Med.
452 1992 491 2022 et
520 1984 699 2021 aliorum
726 1981 780 2022 διαὶ
812 1983 911 2025 τάδε,
947 1984 1182 2032 nollemqne
1208 1985 1443 2021 defensum:
1479 1986 1629 2022 alteru-

324 2048 436 2078 trum
461 2040 623 2077 abunde
643 2045 712 2075 est.
741 2041 923 2076 Formam
957 2040 1130 2087 praesert
1150 2040 1323 2076 Ionicam
1351 2042 1518 2084 βιηθεὶς
1536 2036 1628 2091 [lin.

325 2093 389 2148 6.]
416 2095 636 2144 spernique
654 2100 828 2130 recusat:
861 2094 1044 2130 alienum
1070 2106 1163 2130 sane
1183 2096 1310 2138 μιωθεὶς
1335 2100 1392 2131 est
1414 2096 1485 2132 Th.
1504 2097 1626 2142 Galei,

322 2163 394 2188 nec
415 2151 595 2187 fulcrum
617 2161 662 2185 ex
683 2150 956 2186 Glossatorum
978 2150 1137 2192 Muzuc,
1167 2151 1376 2199 deportare,
1397 2153 1542 2194 Μίωσις,
1566 2152 1626 2187 de·

321 2207 499 2252 minucio,
531 2203 800 2247 nanciscitur3
828 2205 1029 2253 siquidem
1057 2205 1198 2241 vitiose
1226 2205 1329 2253 picta
1355 2210 1474 2251 sunt,
1503 2212 1543 2242 et
1562 2206 1626 2242 in-

320 2261 512 2300 conmoda
534 2272 708 2309 prorsus.
731 2259 901 2308 Ἀραίρητο
921 2260 1023 2296 alibi
1043 2267 1249 2297 assertum.
1279 2261 1458 2298 WESS.
1484 2281 1535 2287 —-
1564 2262 1624 2298 De

320 2317 452 2353 ionica
476 2317 602 2352 forma
631 2315 784 2363 ἀραίρητο
808 2327 879 2363 pro
907 2313 1003 2363 ᾕρητο
1027 2314 1118 2350 vide
1145 2315 1294 2352 Adnot.
1315 2315 1363 2351 ad
1385 2317 1414 2352 Ι.
1439 2327 1505 2365 ¹9¹
1523 2342 1533 2360 ‚
1556 2317 1621 2353 33.

319 2373 391 2409 uhi
410 2384 514 2421 quae
531 2372 649 2407 verba
673 2381 720 2405 ex
739 2371 806 2406 IX.
832 2382 920 2406 101.
945 2369 1148 2414 citantur,
1169 2370 1364 2420 leguntur
1390 2383 1433 2406 ca
1463 2370 1533 2406 lib.
1554 2373 1623 2409 IX.

317 2439 352 2468 c.
375 2440 445 2463 102
460 2456 470 2472 ,
502 2428 560 2464 18.
594 2429 641 2463 Et
659 2425 817 2461 duobus
841 2424 1006 2473 quidem
1029 2425 1114 2460 istis
1138 2426 1231 2462 loeis
1252 2425 1403 2474 ἀραίρητο
1421 2425 1623 2475 significat

317 2489 443 2531 captus
462 2488 562 2519 erat:
589 2481 654 2517 hic
673 2492 766 2517 vero
784 2483 913 2517 electus
933 2486 1013 2517 erat
1026 2508 1036 2525 ,
1057 2478 1137 2529 (sic
1157 2480 1267 2517 enim
1290 2481 1335 2517 in
1357 2481 1536 2519 versione
1554 2494 1623 2529 po-
