1718 2919
306 250 402 290 AD
445 249 851 289 HERODOT.
889 249 977 291 VI.
1013 250 1173 301 58.59.
1313 250 1391 290 183

100 366 192 392 rum
213 352 256 389 in
286 353 516 398 Messenios,
548 353 688 389 itidem
720 356 915 402 περιοίκους,
943 353 1181 399 acerbitate,
1209 352 1273 397 τοὶς
1302 353 1392 391 ἐλευ-

101 410 200 457 θέροις
227 405 436 458 [γυναῖκας]
467 409 509 450 εἷς
540 407 586 444 τοὶ
621 410 717 448 πένθη
744 407 883 454 Βοιδίξειν
918 407 1198 454 κ’νοῖγκαξον,
1228 410 1287 445 καὶ
1315 406 1391 451 ratic

102 463 291 511 οἶλλοτρίσυς
325 464 384 499 καὶ
419 459 514 503 μηδέν
548 471 641 505 σφισι
675 461 895 509 προσνῖκοντοις
933 462 1054 511 νεκρούς
1084 465 1223 500 κλαίειν.
1271 461 1389 499 Nihil

97 523 203 554 certe
222 517 553 553 acconmodatius.
590 517 645 552 At
665 517 792 565 gravis
814 518 891 552 tria
917 517 991 553 ista
1024 515 1113 566 [lin.
1136 513 1222 567 16.]
1249 518 1307 554 καὶ
1327 515 1390 553 αὖ·

100 573 176 609 τέων
201 572 432 619 Σπαρτιητέων
459 578 573 620 urget
594 571 789 618 suspicio,
820 577 906 607 tum
928 572 1122 620 quoniam
1146 583 1193 607 ex
1211 572 1389 616 duobus,

98 626 265 674 illisque
295 628 419 662 bonae
444 633 575 670 notae,
608 627 793 662 exsulant
822 625 1047 669 codicibus,
1079 632 1165 662 tum
1193 625 1389 670 maxime,

98 681 202 729 quod
224 682 363 717 turbae
390 680 668 729 plangentium
688 681 899 729 Spartanos
917 681 1097 717 eximant
1116 680 1389 729 praecedentia

98 738 195 782 χωρὶς
214 737 467 783 Σπαρτιητέωντ
496 733 566 785 [at
590 735 638 771 de
665 735 726 771 his
748 735 880 772 verbis
910 735 1001 771 vide
1030 736 1170 784 paullo
1201 741 1293 771 ante
1320 748 1390 771 no-

99 786 218 839 tata.]
245 790 397 838 quippe
422 790 616 839 genuinos
642 790 744 826 cives
777 803 821 826 ac
848 791 1065 838 Spartanae
1091 789 1204 827 urhis
1238 790 1390 826 incolas

96 844 170 880 lib.
191 846 276 881 VII.
296 845 406 889 254„
432 845 582 892 quibus
605 844 771 893 Lycurgi
790 845 992 881 decretum
1021 845 1067 883 rx*
1097 847 1192 885 πένθη
1219 846 1277 883 καὶ
1300 841 1392 891 ἅδυρο

95 897 177 942 μούς
194 900 371 944 vetabat,
391 900 520 936 Instit.
540 902 679 936 Lacon.
697 900 886 935 Plutarchi
906 913 942 947 p.
965 900 1054 938 238.
1072 914 1107 936 D.
1136 901 1273 947 Atque
1295 899 1391 935 haec

94 953 248 990 efficere
264 960 447 1002 possunt,
465 967 536 1002 pro
555 954 698 990 alienis
720 960 764 989 ut
782 960 992 1002 putentur.
1016 955 1192 993 WESS.
1207 975 1258 981 —
1287 957 1391 992 Ver-

95 1009 145 1044 ba
166 1008 259 1053 ista,
279 1012 337 1046 κοιὶ
356 1008 477 1046 αὐτέων
499 1011 749 1057 Σπαρτιητέων,
783 1009 860 1045 nisi
888 1016 1035 1045 temere
1054 1022 1214 1058 prorsus
1239 1015 1277 1045 et
1295 1021 1386 1045 casu

96 1063 239 1100 omissa
257 1069 352 1099 sunt
370 1063 413 1098 in
436 1063 639 1100 codicibus
666 1064 896 1109 nonnullis,
930 1065 1111 1100 consulto
1131 1063 1390 1112 abiecta'pri-

96 1131 211 1154 mum
234 1118 346 1154 fuere
362 1119 412 1154 ab
434 1118 616 1162 homine,
635 1119 708 1166 qui
730 1118 824 1163 ista,
848 1121 946 1166 χωρὶς
965 1121 1221 1166 Σπαρτιητέων,
1243 1119 1286 1168 (l.
1308 1116 1388 1167 14.)

95 1173 139 1208 in
159 1173 337 1209 eamdem
369 1179 523 1221 partem
544 1179 766 1221 acceperat,
793 1186 895 1221 quac
919 1175 1167 1223 l‘Vesselingio
1188 1179 1226 1210 et
1247 1175 1390 1210 Grono-

93 1230 150 1264 vio
180 1227 347 1275 placuit.
385 1228 500 1276 Quod
526 1239 619 1264 vero
647 1227 695 1263 de
722 1230 920 1277 Lycurgo,
949 1227 995 1265 τοὶ
1024 1229 1119 1268 πένθη
1148 1231 1206 1266 καὶ
1235 1226 1389 1276 ἐδυρμοδς

93 1288 270 1327 vetante,
289 1294 336 1318 ex
358 1283 554 1319 Plutarcho
576 1282 697 1319 refert
721 1283 800 1320 Vir
817 1283 1069 1319 doctissimus
1083 1310 1092 1327 ,
1122 1282 1161 1318 id
1182 1283 1230 1319 ad
1258 1282 1390 1331 priva·

93 1342 228 1374 torum
251 1337 488 1382 hominum,
514 1350 594 1374 non
615 1337 664 1373 ad
684 1349 822 1386 regum
837 1364 847 1383 ,
875 1338 1033 1373 obitum
1059 1344 1254 1385 spectare,
1285 1343 1391 1373 recte

93 1393 296 1430 Larcherus
329 1393 503 1429 monuit.
555 1394 655 1429 Nam
676 1419 686 1437 ,
718 1405 856 1442 regum
889 1392 1053 1441 quidem
1089 1393 1249 1428 obitum
1284 1392 1389 1440 ipsos

89 1459 253 1496 quoque
264 1448 308 1482 in
326 1448 426 1483 urhe
446 1448 660 1495 Spartanos
678 1447 833 1496 ingenti
852 1448 966 1483 luctu
983 1447 1169 1496 prosequi
1186 1447 1389 1492 debuisse,

89 1508 130 1539 et
145 1503 373 1551 superiora,
395 1508 434 1538 et
464 1513 566 1551 quae
593 1502 656 1538 his
684 1515 776 1538 mox
805 1501 1107 1547 subiiciuntur,
1137 1502 1298 1538 abunde
1323 1502 1389 1538 de-

89 1558 256 1594 clarant.
284 1556 329 1595 S.

151 1625 198 1648 20
213 1626 308 1661 seqq.
326 1613 437 1661 Regis
458 1613 497 1648 in
509 1613 648 1660 proelio
671 1613 800 1647 mortui
817 1613 967 1660 effigiem
986 1612 1013 1648 ἔν
1038 1613 1130 1659 κλίνῃ
1154 1606 1189 1649 εὖ
1209 1611 1388 1661 ἐστρωμένῃ

91 1667 287 1704 dicuntur
307 1667 465 1714 ἐκφέρειν,
488 1667 521 1702 si
541 1678 684 1714 nempe
699 1666 864 1702 cadaver
877 1665 1081 1702 commode
1099 1667 1283 1714 Spartam
1304 1679 1384 1702 non

92 1728 218 1771 posset
238 1721 454 1769 deportari.
473 1723 632 1770 Peregre
659 1726 843 1757 mortuus
863 1720 1087 1770 Agesipolis
1115 1721 1145 1757 ἐν
1164 1722 1275 1762 μέλιτι
1294 1723 1388 1764 τεθεὶς

93 1780 151 1815 καὶ
177 1778 337 1820 κομισθεὶς
356 1772 463 1813 οἴκαδε
482 1774 583 1821 ἔτυχε
603 1777 661 1818 τῆς
679 1777 858 1818 βασιλικῆς
878 1776 1003 1819 τοιφιῖς.
1022 1776 1196 1824 Xenoph.
1214 1775 1311 1814 Ἕλλ.
1330 1779 1383 1814 V.

94 1832 248 1881 p.330‚
279 1832 313 1868 3.
343 1831 557 1867 VALCK.

149 1899 211 1923 22.
240 1884 337 1924 ἔπεσέν
356 1882 387 1923 δὲ
402 1881 582 1936 θρέψωσι)
603 1884 809 1922 Eradicata
828 1884 922 1921 haec
938 1884 1016 1921 tria
1035 1886 1153 1921 verba
1172 1884 1306 1921 voluit
1323 1885 1388 1922 vir

93 1942 270 1982 Celeber.
300 1941 350 1976 ob
382 1941 532 1976 Medicei
566 1939 876 1989 negligentiam,
919 1939 1054 1975 addita
1087 1939 1388 1988 disputatione,

91 2008 212 2044 quam
243 1994 458 2032 considera.
481 1991 673 2045 [nempez
705 2000 743 2031 et
770 1993 923 2031 videbis
953 2006 1075 2042 quam
1101 1995 1153 2031 sit
1176 1991 1387 2046 absurda]

91 2051 192 2088 Mihi
214 2057 332 2099 turpe
354 2056 433 2096 est,
463 2049 695 2086 concordiae
718 2049 960 2097 scriptorum
983 2048 1177 2087 Codicum
1206 2050 1387 2086 oblucta-

94 2105 153 2150 ri,
176 2105 407 2153 praesertim
425 2105 467 2140 in
492 2104 690 2140 facillima
718 2109 757 2141 et
784 2105 904 2152 plana
931 2105 1147 2141 verborum
1175 2105 1386 2141 sententia.

94 2160 292 2205 Iustitiam,
321 2160 458 2197 functo
476 2161 683 2196 Persarum
703 2171 813 2208 rege,
842 2165 941 2208 quot
961 2159 1088 2195 fuerit
1104 2159 1264 2195 dierum
1284 2161 1387 2197 Bris-

94 2216 188 2251 sonii
207 2214 404 2262 quaesivit
427 2216 609 2262 exemplo
640 2215 694 2251 Io.
720 2215 808 2253 Alb.
839 2214 982 2251 Fabric.
1013 2213 1062 2250 ad
1083 2217 1228 2251 Sextum
1255 2215 1387 2255 Philo-

94 2269 203 2316 soph.
220 2268 293 2305 lib.
313 2271 357 2306 Il.
377 2269 465 2306 adv.
484 2272 661 2307 Gramm.
680 2282 718 2317 p.
738 2269 830 2320 296.
852 2269 1035 2307 WESS.

202 2321 348 2362 CAP·
369 2322 500 2363 LIX·
522 2337 534 2360 1
566 2338 637 2373 seq.
664 2322 762 2363 ἐπεάν
779 2344 828 2353 --
844 2344 863 2352 -
888 2320 992 2366 ἄλλος
1017 2323 1248 2364 ἐνίστηται
1268 2319 1387 2373 βας.)

95 2376 167 2414 Hic
188 2378 308 2414 scribi
329 2391 408 2416 non
430 2379 563 2427 potuit
590 2378 783 2422 α’νίστητοιι,
814 2389 945 2426 neque
963 2389 1084 2425 supra
1102 2377 1263 2414 dederat
1285 2381 1387 2418 βασι-

18 2446 36 2462 t
93 2433 155 2468 ’Λέικ
184 2432 368 2471 οένεσ-τεῶτοι
395 2435 460 2470 ΙΙΙ.
493 2435 555 2470 66.
588 2433 659 2469 ubi
690 2434 734 2469 in
764 2432 946 2481 sequenti
975 2444 1060 2480 cap.
1089 2432 1385 2477 coniecturam,

92 2485 311 2531 ἐνιστάμενος,
345 2488 503 2526 Codices
532 2490 764 2525 firmarunt.
808 2487 923 2537 Quod
949 2487 1135 2535 sequitur
1162 2482 1253 2538 [Lin.
1273 2482 1334 2537 5.]
1363 2486 1384 2525 o‘
