<?xml version="1.0" encoding="UTF-8"?>
<!DOCTYPE html PUBLIC "-//W3C//DTD XHTML 1.0 Transitional//EN"
    "http://www.w3.org/TR/xhtml1/DTD/xhtml1-transitional.dtd">
<html xmlns="http://www.w3.org/1999/xhtml" xml:lang="en" lang="en">
 <head>
  <title>
</title>
<meta http-equiv="Content-Type" content="text/html;charset=utf-8" />
  <meta name='ocr-system' content='tesseract 3.04.00' />
  <meta name='ocr-capabilities' content='ocr_page ocr_carea ocr_par ocr_line ocrx_word'/>
</head>
<body>
  <div class='ocr_page' id='page_1' title='image "./musaesivehistori06hero_0586.png"; bbox 0 0 1718 2919; ppageno 0'>
   <div class='ocr_carea' id='block_1_1' title="bbox 310 196 1337 243">
    <p class='ocr_par' dir='ltr' id='par_1_1' title="bbox 310 196 1337 243">
     <span class='ocr_line' id='line_1_1' title="bbox 310 196 1337 243; baseline 0 -4"><span class='ocrx_word' id='word_1_1' title='bbox 310 205 387 243; x_wconf 76' lang='lat'><em>150</em></span> <span class='ocrx_word' id='word_1_2' title='bbox 592 196 1337 239; x_wconf 84' lang='lat' dir='ltr'><strong>ADNOTATIONES</strong></span> 
     </span>
    </p>
   </div>
   <div class='ocr_carea' id='block_1_2' title="bbox 300 301 1612 2549">
    <p class='ocr_par' dir='ltr' id='par_1_2' title="bbox 307 301 1595 461">
     <span class='ocr_line' id='line_1_2' title="bbox 307 301 1595 354; baseline 0.002 -14"><span class='ocrx_word' id='word_1_3' title='bbox 307 302 414 340; x_wconf 84' lang='lat' dir='ltr'><em>Editi</em></span> <span class='ocrx_word' id='word_1_4' title='bbox 435 315 468 339; x_wconf 88' lang='lat' dir='ltr'><em>c.</em></span> <span class='ocrx_word' id='word_1_5' title='bbox 495 316 507 338; x_wconf 93' lang='lat'>1</span> <span class='ocrx_word' id='word_1_6' title='bbox 523 316 604 348; x_wconf 77' lang='grc' dir='ltr'><strong>ιο.,</strong></span> <span class='ocrx_word' id='word_1_7' title='bbox 633 309 671 339; x_wconf 87' lang='lat' dir='ltr'><em>et</em></span> <span class='ocrx_word' id='word_1_8' title='bbox 695 303 758 339; x_wconf 87' lang='lat' dir='ltr'><em>hic</em></span> <span class='ocrx_word' id='word_1_9' title='bbox 787 301 949 350; x_wconf 86' lang='lat' dir='ltr'><em>scripti.</em></span> <span class='ocrx_word' id='word_1_10' title='bbox 977 302 1102 350; x_wconf 86' lang='lat' dir='ltr'><em>inque</em></span> <span class='ocrx_word' id='word_1_11' title='bbox 1124 304 1343 347; x_wconf 76' lang='lat' dir='ltr'><em>Plutarcho,</em></span> <span class='ocrx_word' id='word_1_12' title='bbox 1362 304 1545 354; x_wconf 71' lang='lat' dir='ltr'><em>Polyaeno</em></span> <span class='ocrx_word' id='word_1_13' title='bbox 1564 307 1595 343; x_wconf 85' lang='lat'><em>1.</em></span> 
     </span>
     <span class='ocr_line' id='line_1_3' title="bbox 310 357 1594 411; baseline 0.002 -17"><span class='ocrx_word' id='word_1_14' title='bbox 310 358 359 394; x_wconf 81' lang='lat'><em>50</em></span> <span class='ocrx_word' id='word_1_15' title='bbox 374 384 383 402; x_wconf 80' lang='lat'>‚</span> <span class='ocrx_word' id='word_1_16' title='bbox 404 370 438 393; x_wconf 85' lang='lat'><em>2.</em></span> <span class='ocrx_word' id='word_1_17' title='bbox 453 384 462 401; x_wconf 76' lang='grc'>,</span> <span class='ocrx_word' id='word_1_18' title='bbox 488 359 664 395; x_wconf 85' lang='lat' dir='ltr'><em>Clemente</em></span> <span class='ocrx_word' id='word_1_19' title='bbox 680 360 786 395; x_wconf 77' lang='lat' dir='ltr'><em>Alex.</em></span> <span class='ocrx_word' id='word_1_20' title='bbox 808 357 965 405; x_wconf 76' lang='lat' dir='ltr'><em>Paedag.</em></span> <span class='ocrx_word' id='word_1_21' title='bbox 991 359 1018 393; x_wconf 93' lang='lat' dir='ltr'><em>I.</em></span> <span class='ocrx_word' id='word_1_22' title='bbox 1040 371 1075 404; x_wconf 92' lang='lat'><em>7.</em></span> <span class='ocrx_word' id='word_1_23' title='bbox 1096 371 1132 406; x_wconf 91' lang='lat' dir='ltr'><em>p.</em></span> <span class='ocrx_word' id='word_1_24' title='bbox 1159 359 1264 403; x_wconf 63' lang='lat'><em>150„</em></span> <span class='ocrx_word' id='word_1_25' title='bbox 1292 361 1509 411; x_wconf 80' lang='lat' dir='ltr'><em>Etymologo</em></span> <span class='ocrx_word' id='word_1_26' title='bbox 1535 367 1594 397; x_wconf 84' lang='lat' dir='ltr'><em>at·</em></span> 
     </span>
     <span class='ocr_line' id='line_1_4' title="bbox 308 412 714 461; baseline 0.002 -14"><span class='ocrx_word' id='word_1_27' title='bbox 308 424 386 461; x_wconf 86' lang='lat' dir='ltr'><em>que</em></span> <span class='ocrx_word' id='word_1_28' title='bbox 403 412 510 449; x_wconf 80' lang='lat' dir='ltr'><em>aliis.</em></span> <span class='ocrx_word' id='word_1_29' title='bbox 538 417 588 450; x_wconf 73' lang='lat' dir='ltr'>W</span> <span class='ocrx_word' id='word_1_30' title='bbox 604 414 714 450; x_wconf 80' lang='lat' dir='ltr'><strong>ESS.</strong></span> 
     </span>
    </p>

    <p class='ocr_par' dir='ltr' id='par_1_3' title="bbox 300 463 1612 2549">
     <span class='ocr_line' id='line_1_5' title="bbox 361 463 1593 516; baseline 0.001 -12"><span class='ocrx_word' id='word_1_31' title='bbox 361 467 452 505; x_wconf 82' lang='lat' dir='ltr'><em>Ibid.</em></span> <span class='ocrx_word' id='word_1_32' title='bbox 483 469 607 509; x_wconf 77' lang='grc' dir='ltr'>πέμπει</span> <span class='ocrx_word' id='word_1_33' title='bbox 625 488 641 495; x_wconf 87' lang='lat'>-</span> <span class='ocrx_word' id='word_1_34' title='bbox 661 489 677 495; x_wconf 93' lang='lat'><em>-</em></span> <span class='ocrx_word' id='word_1_35' title='bbox 698 463 832 516; x_wconf 65' lang='grc' dir='ltr'><em>ἄνδρκ)</em></span> <span class='ocrx_word' id='word_1_36' title='bbox 862 468 1062 512; x_wconf 81' lang='lat' dir='ltr'><em>Sicinnum,</em></span> <span class='ocrx_word' id='word_1_37' title='bbox 1097 467 1169 515; x_wconf 86' lang='lat' dir='ltr'><em>qui</em></span> <span class='ocrx_word' id='word_1_38' title='bbox 1196 468 1317 510; x_wconf 66' lang='grc' dir='ltr'><em>οἰκέτης</em></span> <span class='ocrx_word' id='word_1_39' title='bbox 1344 467 1464 505; x_wconf 84' lang='lat' dir='ltr'><em>fuisse</em></span> <span class='ocrx_word' id='word_1_40' title='bbox 1492 469 1593 506; x_wconf 85' lang='lat' dir='ltr'><em>dici-</em></span> 
     </span>
     <span class='ocr_line' id='line_1_6' title="bbox 310 520 1593 573; baseline 0.002 -15"><span class='ocrx_word' id='word_1_41' title='bbox 310 527 398 567; x_wconf 78' lang='lat' dir='ltr'><em>tur,</em></span> <span class='ocrx_word' id='word_1_42' title='bbox 417 529 455 558; x_wconf 88' lang='lat' dir='ltr'><em>et</em></span> <span class='ocrx_word' id='word_1_43' title='bbox 472 520 690 564; x_wconf 58' lang='lat' dir='ltr'><em>vroechtmyo&#39;:</em></span> <span class='ocrx_word' id='word_1_44' title='bbox 713 521 931 557; x_wconf 83' lang='lat' dir='ltr'><em>liberorum</em></span> <span class='ocrx_word' id='word_1_45' title='bbox 954 522 1250 558; x_wconf 78' lang='lat' dir='ltr'><em>Themistoclis:</em></span> <span class='ocrx_word' id='word_1_46' title='bbox 1281 528 1325 558; x_wconf 85' lang='lat' dir='ltr'><em>ut</em></span> <span class='ocrx_word' id='word_1_47' title='bbox 1347 523 1593 573; x_wconf 56' lang='lat' dir='ltr'><em>antiquioris</em></span> 
     </span>
     <span class='ocr_line' id='line_1_7' title="bbox 308 575 1592 628; baseline 0.003 -16"><span class='ocrx_word' id='word_1_48' title='bbox 308 577 503 625; x_wconf 79' lang='lat' dir='ltr'>adponam</span> <span class='ocrx_word' id='word_1_49' title='bbox 525 578 697 628; x_wconf 60' lang='lat' dir='ltr'><em>Aeschyli</em></span> <span class='ocrx_word' id='word_1_50' title='bbox 723 578 840 612; x_wconf 81' lang='lat' dir='ltr'><em>verba</em></span> <span class='ocrx_word' id='word_1_51' title='bbox 861 588 882 611; x_wconf 92' lang='lat' dir='ltr'><em>e</em></span> <span class='ocrx_word' id='word_1_52' title='bbox 903 578 1001 614; x_wconf 81' lang='lat' dir='ltr'><em>Pers.</em></span> <span class='ocrx_word' id='word_1_53' title='bbox 1020 590 1073 613; x_wconf 82' lang='lat' dir='ltr'><em>vs.</em></span> <span class='ocrx_word' id='word_1_54' title='bbox 1101 578 1190 613; x_wconf 78' lang='lat'><strong>355.</strong></span> <span class='ocrx_word' id='word_1_55' title='bbox 1210 575 1302 622; x_wconf 60' lang='lat' dir='ltr'><em>&#39;Avn&#39;q</em></span> <span class='ocrx_word' id='word_1_56' title='bbox 1322 576 1387 625; x_wconf 66' lang='grc' dir='ltr'><em>’γάρ</em></span> <span class='ocrx_word' id='word_1_57' title='bbox 1405 576 1532 618; x_wconf 68' lang='grc' dir='ltr'><em>Ἕλλην</em></span> <span class='ocrx_word' id='word_1_58' title='bbox 1559 578 1592 620; x_wconf 75' lang='grc' dir='ltr'><em>ἐξ</em></span> 
     </span>
     <span class='ocr_line' id='line_1_8' title="bbox 308 628 1592 679; baseline 0.001 -10"><span class='ocrx_word' id='word_1_59' title='bbox 308 630 480 670; x_wconf 63' lang='grc' dir='ltr'><em>Ἀθηναίων</em></span> <span class='ocrx_word' id='word_1_60' title='bbox 499 633 640 679; x_wconf 50' lang='lat' dir='ltr'><em>erpere-3</em></span> <span class='ocrx_word' id='word_1_61' title='bbox 662 630 805 672; x_wconf 68' lang='grc' dir='ltr'><em>Ἐλθών,</em></span> <span class='ocrx_word' id='word_1_62' title='bbox 835 629 924 674; x_wconf 57' lang='grc' dir='ltr'>ἔλεξε</span> <span class='ocrx_word' id='word_1_63' title='bbox 951 628 1044 668; x_wconf 67' lang='grc' dir='ltr'><em>παιδὶ</em></span> <span class='ocrx_word' id='word_1_64' title='bbox 1065 632 1114 679; x_wconf 64' lang='grc' dir='ltr'><em>σῷ</em></span> <span class='ocrx_word' id='word_1_65' title='bbox 1137 631 1231 677; x_wconf 63' lang='grc' dir='ltr'><em>Ξέρξῃ</em></span> <span class='ocrx_word' id='word_1_66' title='bbox 1250 629 1352 673; x_wconf 61' lang='grc' dir='ltr'><em>τάδε,</em></span> <span class='ocrx_word' id='word_1_67' title='bbox 1380 631 1465 674; x_wconf 82' lang='grc' dir='ltr'><em>Ὡς,</em></span> <span class='ocrx_word' id='word_1_68' title='bbox 1487 634 1513 670; x_wconf 84' lang='grc' dir='ltr'><em>εἶ</em></span> <span class='ocrx_word' id='word_1_69' title='bbox 1532 648 1592 674; x_wconf 80' lang='grc' dir='ltr'><em>με·</em></span> 
     </span>
     <span class='ocr_line' id='line_1_9' title="bbox 309 684 1597 729; baseline 0.001 -7"><span class='ocrx_word' id='word_1_70' title='bbox 309 689 418 729; x_wconf 74' lang='grc' dir='ltr'><em>λκίνκς</em></span> <span class='ocrx_word' id='word_1_71' title='bbox 446 684 560 727; x_wconf 59' lang='lat' dir='ltr'><em>ward:</em></span> <span class='ocrx_word' id='word_1_72' title='bbox 585 685 688 727; x_wconf 63' lang='grc' dir='ltr'><em>ἵξεται</em></span> <span class='ocrx_word' id='word_1_73' title='bbox 713 687 854 728; x_wconf 69' lang='grc' dir='ltr'><em>κνέζζκς,</em></span> <span class='ocrx_word' id='word_1_74' title='bbox 872 684 1030 728; x_wconf 51' lang='grc' dir='ltr'><em>(Έλληνες</em></span> <span class='ocrx_word' id='word_1_75' title='bbox 1053 686 1090 723; x_wconf 72' lang='lat' dir='ltr'><em>cv&#39;</em></span> <span class='ocrx_word' id='word_1_76' title='bbox 1111 687 1239 725; x_wconf 70' lang='grc' dir='ltr'><em>μένιιεν.</em></span> <span class='ocrx_word' id='word_1_77' title='bbox 1280 686 1486 723; x_wconf 70' lang='lat' dir='ltr'><em>Nuncium</em></span> <span class='ocrx_word' id='word_1_78' title='bbox 1508 689 1597 724; x_wconf 87' lang='lat' dir='ltr'><em>Per·</em></span> 
     </span>
     <span class='ocr_line' id='line_1_10' title="bbox 306 740 1599 789; baseline 0.002 -13"><span class='ocrx_word' id='word_1_79' title='bbox 306 753 388 777; x_wconf 83' lang='lat' dir='ltr'><em>sam</em></span> <span class='ocrx_word' id='word_1_80' title='bbox 415 741 510 777; x_wconf 78' lang='lat' dir='ltr'><em>facit</em></span> <span class='ocrx_word' id='word_1_81' title='bbox 530 740 582 775; x_wconf 81' lang='lat' dir='ltr'><em>ita</em></span> <span class='ocrx_word' id='word_1_82' title='bbox 603 740 790 789; x_wconf 77' lang='lat' dir='ltr'><em>Tragicus</em></span> <span class='ocrx_word' id='word_1_83' title='bbox 819 753 896 775; x_wconf 82' lang='lat' dir='ltr'><em>non</em></span> <span class='ocrx_word' id='word_1_84' title='bbox 919 741 1087 776; x_wconf 82' lang='lat' dir='ltr'><em>absurde</em></span> <span class='ocrx_word' id='word_1_85' title='bbox 1113 741 1340 787; x_wconf 84' lang='lat' dir='ltr'><em>loquentem</em></span> <span class='ocrx_word' id='word_1_86' title='bbox 1355 757 1364 775; x_wconf 89' lang='lat'><strong>:</strong></span> <span class='ocrx_word' id='word_1_87' title='bbox 1394 741 1457 777; x_wconf 89' lang='lat' dir='ltr'><em>sed</em></span> <span class='ocrx_word' id='word_1_88' title='bbox 1480 744 1599 778; x_wconf 80' lang='lat' dir='ltr'><em>Grae-</em></span> 
     </span>
     <span class='ocr_line' id='line_1_11' title="bbox 307 795 1600 843; baseline 0.002 -12"><span class='ocrx_word' id='word_1_89' title='bbox 307 808 398 832; x_wconf 86' lang='lat' dir='ltr'><em>cum</em></span> <span class='ocrx_word' id='word_1_90' title='bbox 419 809 439 832; x_wconf 85' lang='lat' dir='ltr'>a</span> <span class='ocrx_word' id='word_1_91' title='bbox 457 795 717 831; x_wconf 79' lang='lat' dir='ltr'><em>Themistocle</em></span> <span class='ocrx_word' id='word_1_92' title='bbox 737 795 901 831; x_wconf 88' lang='lat' dir='ltr'><em>missum</em></span> <span class='ocrx_word' id='word_1_93' title='bbox 919 795 1115 831; x_wconf 72' lang='lat' dir='ltr'><em>censuisse</em></span> <span class='ocrx_word' id='word_1_94' title='bbox 1133 807 1294 843; x_wconf 88' lang='lat' dir='ltr'><em>quoque</em></span> <span class='ocrx_word' id='word_1_95' title='bbox 1307 795 1468 832; x_wconf 81' lang='lat' dir='ltr'><em>videtur</em></span> <span class='ocrx_word' id='word_1_96' title='bbox 1483 798 1600 834; x_wconf 87' lang='lat' dir='ltr'><em>Fron-</em></span> 
     </span>
     <span class='ocr_line' id='line_1_12' title="bbox 300 849 1598 897; baseline 0.002 -11"><span class='ocrx_word' id='word_1_97' title='bbox 300 852 375 893; x_wconf 81' lang='lat' dir='ltr'><em>tin.</em></span> <span class='ocrx_word' id='word_1_98' title='bbox 403 851 475 886; x_wconf 89' lang='lat' dir='ltr'><em>lib.</em></span> <span class='ocrx_word' id='word_1_99' title='bbox 496 852 541 886; x_wconf 89' lang='lat' dir='ltr'><em>Il.</em></span> <span class='ocrx_word' id='word_1_100' title='bbox 566 864 599 886; x_wconf 91' lang='lat' dir='ltr'><em>c.</em></span> <span class='ocrx_word' id='word_1_101' title='bbox 631 863 673 893; x_wconf 75' lang='lat'><em>2,</em></span> <span class='ocrx_word' id='word_1_102' title='bbox 701 860 759 893; x_wconf 66' lang='grc' dir='ltr'><strong>Η.</strong></span> <span class='ocrx_word' id='word_1_103' title='bbox 781 849 911 888; x_wconf 68' lang='grc' dir='ltr'><em>Επείτε</em></span> <span class='ocrx_word' id='word_1_104' title='bbox 936 849 1009 887; x_wconf 67' lang='lat' dir='ltr'><em>rme*</em></span> <span class='ocrx_word' id='word_1_105' title='bbox 1035 850 1175 886; x_wconf 72' lang='lat' dir='ltr'><em>scribit</em></span> <span class='ocrx_word' id='word_1_106' title='bbox 1210 851 1598 897; x_wconf 73' lang='lat' dir='ltr'><em>Diodor.}d.c.17.</em></span> 
     </span>
     <span class='ocr_line' id='line_1_13' title="bbox 309 905 1599 956; baseline 0.002 -15"><span class='ocrx_word' id='word_1_107' title='bbox 309 905 496 953; x_wconf 81' lang='lat' dir='ltr'><em>Optime,</em></span> <span class='ocrx_word' id='word_1_108' title='bbox 525 906 567 942; x_wconf 82' lang='lat' dir='ltr'><em>dc</em></span> <span class='ocrx_word' id='word_1_109' title='bbox 594 908 701 942; x_wconf 77' lang='lat' dir='ltr'><em>servis</em></span> <span class='ocrx_word' id='word_1_110' title='bbox 720 908 810 948; x_wconf 84' lang='lat' dir='ltr'><em>suis,</em></span> <span class='ocrx_word' id='word_1_111' title='bbox 840 919 938 954; x_wconf 81' lang='lat' dir='ltr'><em>quem</em></span> <span class='ocrx_word' id='word_1_112' title='bbox 966 905 1367 952; x_wconf 78' lang='lat' dir='ltr'><em>habuitfidelissimum‚</em></span> <span class='ocrx_word' id='word_1_113' title='bbox 1398 907 1446 942; x_wconf 83' lang='lat' dir='ltr'><em>ad</em></span> <span class='ocrx_word' id='word_1_114' title='bbox 1466 909 1599 956; x_wconf 82' lang='lat' dir='ltr'><em>Regem</em></span> 
     </span>
     <span class='ocr_line' id='line_1_14' title="bbox 309 957 1599 1009; baseline 0 -13"><span class='ocrx_word' id='word_1_115' title='bbox 309 962 457 1006; x_wconf 77' lang='lat' dir='ltr'><em>misisse,</em></span> <span class='ocrx_word' id='word_1_116' title='bbox 481 960 603 997; x_wconf 79' lang='lat' dir='ltr'><em>tradit</em></span> <span class='ocrx_word' id='word_1_117' title='bbox 624 962 746 1009; x_wconf 56' lang='lat' dir='ltr'><em>Nepos</em></span> <span class='ocrx_word' id='word_1_118' title='bbox 760 990 769 1004; x_wconf 88' lang='lat'><em>‚</em></span> <span class='ocrx_word' id='word_1_119' title='bbox 789 960 925 996; x_wconf 86' lang='lat' dir='ltr'><em>Them.</em></span> <span class='ocrx_word' id='word_1_120' title='bbox 945 973 978 996; x_wconf 87' lang='lat' dir='ltr'><em>c.</em></span> <span class='ocrx_word' id='word_1_121' title='bbox 1000 976 1035 1004; x_wconf 50' lang='grc' dir='ltr'><em>ρ.</em></span> <span class='ocrx_word' id='word_1_122' title='bbox 1063 960 1133 995; x_wconf 88' lang='lat' dir='ltr'><em>ubi</em></span> <span class='ocrx_word' id='word_1_123' title='bbox 1155 957 1319 1009; x_wconf 78' lang='lat' dir='ltr'><em>corrigit</em></span> <span class='ocrx_word' id='word_1_124' title='bbox 1338 962 1483 998; x_wconf 77' lang='lat' dir='ltr'><em>Vallum</em></span> <span class='ocrx_word' id='word_1_125' title='bbox 1499 963 1599 997; x_wconf 90' lang='lat' dir='ltr'><em>Lon-</em></span> 
     </span>
     <span class='ocr_line' id='line_1_15' title="bbox 308 1015 1606 1064; baseline 0.001 -13"><span class='ocrx_word' id='word_1_126' title='bbox 308 1016 457 1064; x_wconf 80' lang='lat' dir='ltr'><em>golius,</em></span> <span class='ocrx_word' id='word_1_127' title='bbox 488 1015 529 1051; x_wconf 92' lang='lat' dir='ltr'><em>in</em></span> <span class='ocrx_word' id='word_1_128' title='bbox 558 1017 696 1052; x_wconf 84' lang='lat' dir='ltr'><em>Herod.</em></span> <span class='ocrx_word' id='word_1_129' title='bbox 726 1016 847 1053; x_wconf 75' lang='grc' dir='ltr'><em>οἶκέτκν</em></span> <span class='ocrx_word' id='word_1_130' title='bbox 867 1023 1070 1051; x_wconf 82' lang='lat' dir='ltr'><em>vocantem</em></span> <span class='ocrx_word' id='word_1_131' title='bbox 1102 1015 1387 1051; x_wconf 82' lang='lat' dir='ltr'><em>contubernalem</em></span> <span class='ocrx_word' id='word_1_132' title='bbox 1403 1042 1413 1061; x_wconf 84' lang='lat'>‚</span> <span class='ocrx_word' id='word_1_133' title='bbox 1437 1015 1507 1064; x_wconf 87' lang='lat' dir='ltr'><em>qui</em></span> <span class='ocrx_word' id='word_1_134' title='bbox 1526 1030 1606 1052; x_wconf 84' lang='lat' dir='ltr'><em>ver-</em></span> 
     </span>
     <span class='ocr_line' id='line_1_16' title="bbox 310 1070 1598 1107; baseline 0.002 -2"><span class='ocrx_word' id='word_1_135' title='bbox 310 1084 358 1106; x_wconf 83' lang='lat' dir='ltr'><em>na</em></span> <span class='ocrx_word' id='word_1_136' title='bbox 379 1071 509 1106; x_wconf 83' lang='lat' dir='ltr'><em>fuerat</em></span> <span class='ocrx_word' id='word_1_137' title='bbox 530 1070 734 1106; x_wconf 73' lang='lat' dir='ltr'><em>dicendus.</em></span> <span class='ocrx_word' id='word_1_138' title='bbox 766 1070 871 1106; x_wconf 82' lang='lat' dir='ltr'><em>Infra</em></span> <span class='ocrx_word' id='word_1_139' title='bbox 893 1071 993 1107; x_wconf 85' lang='lat' dir='ltr'><strong>VIII.</strong></span> <span class='ocrx_word' id='word_1_140' title='bbox 1024 1083 1054 1107; x_wconf 86' lang='lat' dir='ltr'><em>c.</em></span> <span class='ocrx_word' id='word_1_141' title='bbox 1086 1083 1170 1107; x_wconf 86' lang='lat'><strong>110.</strong></span> <span class='ocrx_word' id='word_1_142' title='bbox 1196 1070 1360 1106; x_wconf 83' lang='lat' dir='ltr'><em>relictus</em></span> <span class='ocrx_word' id='word_1_143' title='bbox 1380 1070 1422 1106; x_wconf 90' lang='lat' dir='ltr'><em>in</em></span> <span class='ocrx_word' id='word_1_144' title='bbox 1446 1070 1598 1107; x_wconf 88' lang='lat' dir='ltr'><em>Latinis</em></span> 
     </span>
     <span class='ocr_line' id='line_1_17' title="bbox 307 1125 1602 1169; baseline 0.001 -9.005"><span class='ocrx_word' id='word_1_145' title='bbox 307 1127 471 1161; x_wconf 84' lang='lat' dir='ltr'><em>Sicinnus</em></span> <span class='ocrx_word' id='word_1_146' title='bbox 495 1126 784 1169; x_wconf 73' lang='lat' dir='ltr'><em>contubernalis5</em></span> <span class='ocrx_word' id='word_1_147' title='bbox 813 1126 877 1160; x_wconf 86' lang='lat' dir='ltr'><em>h1c</em></span> <span class='ocrx_word' id='word_1_148' title='bbox 901 1125 1150 1161; x_wconf 83' lang='lat' dir='ltr'><em>contubernali</em></span> <span class='ocrx_word' id='word_1_149' title='bbox 1171 1126 1382 1162; x_wconf 82' lang='lat' dir='ltr'><em>domesticus</em></span> <span class='ocrx_word' id='word_1_150' title='bbox 1405 1126 1602 1162; x_wconf 82' lang='lat' dir='ltr'><em>substitu-</em></span> 
     </span>
     <span class='ocr_line' id='line_1_18' title="bbox 309 1176 1601 1241; baseline 0.001 -26"><span class='ocrx_word' id='word_1_151' title='bbox 309 1186 373 1216; x_wconf 80' lang='lat' dir='ltr'><em>tus</em></span> <span class='ocrx_word' id='word_1_152' title='bbox 402 1177 447 1230; x_wconf 82' lang='lat' dir='ltr'><em>[a</em></span> <span class='ocrx_word' id='word_1_153' title='bbox 468 1182 625 1217; x_wconf 75' lang='lat' dir='ltr'><em>Gronov.</em></span> <span class='ocrx_word' id='word_1_154' title='bbox 635 1176 651 1230; x_wconf 89' lang='lat'>]</span> <span class='ocrx_word' id='word_1_155' title='bbox 677 1187 757 1216; x_wconf 87' lang='lat' dir='ltr'><em>cst.</em></span> <span class='ocrx_word' id='word_1_156' title='bbox 778 1179 877 1214; x_wconf 81' lang='lat' dir='ltr'><em>alibi</em></span> <span class='ocrx_word' id='word_1_157' title='bbox 904 1180 1010 1241; x_wconf 81' lang='lat' dir='ltr'><em>apud</em></span> <span class='ocrx_word' id='word_1_158' title='bbox 1032 1182 1170 1216; x_wconf 77' lang='lat' dir='ltr'><em>Herod.</em></span> <span class='ocrx_word' id='word_1_159' title='bbox 1190 1181 1312 1217; x_wconf 76' lang='grc' dir='ltr'><em>οἰκέται</em></span> <span class='ocrx_word' id='word_1_160' title='bbox 1341 1194 1430 1216; x_wconf 70' lang='lat' dir='ltr'><em>uxor</em></span> <span class='ocrx_word' id='word_1_161' title='bbox 1446 1187 1480 1218; x_wconf 88' lang='lat' dir='ltr'><em>et</em></span> <span class='ocrx_word' id='word_1_162' title='bbox 1500 1181 1601 1217; x_wconf 82' lang='lat' dir='ltr'><em>liberi</em></span> 
     </span>
     <span class='ocr_line' id='line_1_19' title="bbox 309 1234 1598 1279; baseline 0 -9"><span class='ocrx_word' id='word_1_163' title='bbox 309 1235 525 1277; x_wconf 58' lang='lat' dir='ltr'><em>dicuntum</em></span> <span class='ocrx_word' id='word_1_164' title='bbox 561 1235 623 1271; x_wconf 87' lang='lat' dir='ltr'><em>sed</em></span> <span class='ocrx_word' id='word_1_165' title='bbox 663 1235 725 1271; x_wconf 80' lang='lat' dir='ltr'><em>hic</em></span> <span class='ocrx_word' id='word_1_166' title='bbox 755 1235 819 1271; x_wconf 73' lang='lat' dir='ltr'><em>oin:</em></span> <span class='ocrx_word' id='word_1_167' title='bbox 823 1250 877 1277; x_wconf 65' lang='lat' dir='ltr'><em>rm</em></span> <span class='ocrx_word' id='word_1_168' title='bbox 908 1234 994 1270; x_wconf 85' lang='lat' dir='ltr'><em>sine</em></span> <span class='ocrx_word' id='word_1_169' title='bbox 1025 1234 1150 1270; x_wconf 88' lang='lat' dir='ltr'><em>dubio</em></span> <span class='ocrx_word' id='word_1_170' title='bbox 1182 1249 1319 1271; x_wconf 76' lang='lat' dir='ltr'><em>servum</em></span> <span class='ocrx_word' id='word_1_171' title='bbox 1350 1241 1482 1279; x_wconf 83' lang='lat' dir='ltr'><em>notat,</em></span> <span class='ocrx_word' id='word_1_172' title='bbox 1518 1248 1598 1271; x_wconf 89' lang='lat' dir='ltr'><em>non</em></span> 
     </span>
     <span class='ocr_line' id='line_1_20' title="bbox 308 1289 1602 1338; baseline 0 -13"><span class='ocrx_word' id='word_1_173' title='bbox 308 1290 415 1325; x_wconf 86' lang='lat' dir='ltr'><em>domi</em></span> <span class='ocrx_word' id='word_1_174' title='bbox 448 1296 588 1326; x_wconf 79' lang='lat' dir='ltr'><em>natum</em></span> <span class='ocrx_word' id='word_1_175' title='bbox 619 1297 658 1325; x_wconf 83' lang='lat' dir='ltr'><em>et</em></span> <span class='ocrx_word' id='word_1_176' title='bbox 676 1301 836 1326; x_wconf 79' lang='lat' dir='ltr'><em>vernam</em></span> <span class='ocrx_word' id='word_1_177' title='bbox 856 1316 864 1334; x_wconf 81' lang='lat'><strong><em>‚</em></strong></span> <span class='ocrx_word' id='word_1_178' title='bbox 885 1289 1017 1337; x_wconf 75' lang='lat' dir='ltr'><em>qualis</em></span> <span class='ocrx_word' id='word_1_179' title='bbox 1034 1301 1111 1325; x_wconf 83' lang='lat' dir='ltr'><em>esse</em></span> <span class='ocrx_word' id='word_1_180' title='bbox 1133 1289 1312 1326; x_wconf 87' lang='lat' dir='ltr'><em>nondum</em></span> <span class='ocrx_word' id='word_1_181' title='bbox 1337 1296 1488 1338; x_wconf 85' lang='lat' dir='ltr'><em>poterat</em></span> <span class='ocrx_word' id='word_1_182' title='bbox 1503 1290 1602 1326; x_wconf 91' lang='lat' dir='ltr'><em>The-</em></span> 
     </span>
     <span class='ocr_line' id='line_1_21' title="bbox 309 1344 1602 1393; baseline -0.002 -12"><span class='ocrx_word' id='word_1_183' title='bbox 309 1344 482 1381; x_wconf 85' lang='lat' dir='ltr'><em>mistocli</em></span> <span class='ocrx_word' id='word_1_184' title='bbox 518 1345 743 1380; x_wconf 86' lang='lat' dir='ltr'><em>liberorum</em></span> <span class='ocrx_word' id='word_1_185' title='bbox 777 1344 964 1380; x_wconf 81' lang='lat' dir='ltr'><em>educator</em></span> <span class='ocrx_word' id='word_1_186' title='bbox 982 1371 991 1388; x_wconf 80' lang='lat'><strong>‚</strong></span> <span class='ocrx_word' id='word_1_187' title='bbox 1031 1344 1092 1380; x_wconf 87' lang='lat' dir='ltr'><em>sed</em></span> <span class='ocrx_word' id='word_1_188' title='bbox 1128 1356 1247 1393; x_wconf 88' lang='lat' dir='ltr'><em>quem</em></span> <span class='ocrx_word' id='word_1_189' title='bbox 1283 1345 1485 1393; x_wconf 83' lang='lat' dir='ltr'><em>captivum</em></span> <span class='ocrx_word' id='word_1_190' title='bbox 1522 1344 1602 1381; x_wconf 87' lang='lat' dir='ltr'><em>sihi</em></span> 
     </span>
     <span class='ocr_line' id='line_1_22' title="bbox 310 1398 1601 1447; baseline 0.002 -13"><span class='ocrx_word' id='word_1_191' title='bbox 310 1405 482 1436; x_wconf 86' lang='lat' dir='ltr'><em>emerat:</em></span> <span class='ocrx_word' id='word_1_192' title='bbox 509 1399 589 1436; x_wconf 85' lang='lat' dir='ltr'><em>vid.</em></span> <span class='ocrx_word' id='word_1_193' title='bbox 610 1405 777 1437; x_wconf 83' lang='lat' dir='ltr'><em>Ammon.</em></span> <span class='ocrx_word' id='word_1_194' title='bbox 806 1398 846 1434; x_wconf 86' lang='lat' dir='ltr'><em>in</em></span> <span class='ocrx_word' id='word_1_195' title='bbox 868 1398 1052 1447; x_wconf 62' lang='grc' dir='ltr'><strong>Οἶκὸτριώ.</strong></span> <span class='ocrx_word' id='word_1_196' title='bbox 1092 1401 1160 1436; x_wconf 90' lang='lat' dir='ltr'><em>Ion</em></span> <span class='ocrx_word' id='word_1_197' title='bbox 1190 1400 1300 1436; x_wconf 82' lang='lat' dir='ltr'><em>Chius</em></span> <span class='ocrx_word' id='word_1_198' title='bbox 1327 1399 1384 1437; x_wconf 69' lang='grc' dir='ltr'><em>τᾶν</em></span> <span class='ocrx_word' id='word_1_199' title='bbox 1407 1400 1528 1439; x_wconf 70' lang='grc' dir='ltr'><em>οἰκέτην</em></span> <span class='ocrx_word' id='word_1_200' title='bbox 1548 1400 1601 1436; x_wconf 76' lang='grc' dir='ltr'><em>ἐπὶ</em></span> 
     </span>
     <span class='ocr_line' id='line_1_23' title="bbox 310 1450 1605 1502; baseline -0.002 -11"><span class='ocrx_word' id='word_1_201' title='bbox 310 1450 424 1491; x_wconf 65' lang='grc' dir='ltr'><em>δούλου</em></span> <span class='ocrx_word' id='word_1_202' title='bbox 449 1456 582 1491; x_wconf 64' lang='grc' dir='ltr'><em>τέᾶεικεν</em></span> <span class='ocrx_word' id='word_1_203' title='bbox 609 1454 716 1502; x_wconf 83' lang='lat' dir='ltr'><em>apud</em></span> <span class='ocrx_word' id='word_1_204' title='bbox 743 1454 877 1491; x_wconf 78' lang='lat' dir='ltr'><em>Athen.</em></span> <span class='ocrx_word' id='word_1_205' title='bbox 902 1455 972 1490; x_wconf 78' lang='lat' dir='ltr'><em>VI.</em></span> <span class='ocrx_word' id='word_1_206' title='bbox 993 1467 1028 1501; x_wconf 92' lang='lat' dir='ltr'><em>p.</em></span> <span class='ocrx_word' id='word_1_207' title='bbox 1056 1455 1145 1500; x_wconf 80' lang='lat'><strong>267.</strong></span> <span class='ocrx_word' id='word_1_208' title='bbox 1169 1468 1204 1490; x_wconf 88' lang='lat' dir='ltr'><em>D.</em></span> <span class='ocrx_word' id='word_1_209' title='bbox 1233 1456 1397 1502; x_wconf 86' lang='lat' dir='ltr'><em>Absque</em></span> <span class='ocrx_word' id='word_1_210' title='bbox 1424 1459 1518 1490; x_wconf 80' lang='lat' dir='ltr'><em>teste</em></span> <span class='ocrx_word' id='word_1_211' title='bbox 1548 1454 1605 1489; x_wconf 86' lang='lat' dir='ltr'><em>lo-</em></span> 
     </span>
     <span class='ocr_line' id='line_1_24' title="bbox 311 1508 1602 1557; baseline 0.001 -13"><span class='ocrx_word' id='word_1_212' title='bbox 311 1508 452 1557; x_wconf 81' lang='lat' dir='ltr'><em>quenti</em></span> <span class='ocrx_word' id='word_1_213' title='bbox 482 1520 531 1545; x_wconf 88' lang='lat' dir='ltr'><em>ne</em></span> <span class='ocrx_word' id='word_1_214' title='bbox 563 1510 733 1547; x_wconf 84' lang='lat' dir='ltr'><em>Clementi</em></span> <span class='ocrx_word' id='word_1_215' title='bbox 761 1508 925 1557; x_wconf 90' lang='lat' dir='ltr'><em>quidem</em></span> <span class='ocrx_word' id='word_1_216' title='bbox 954 1512 1060 1545; x_wconf 71' lang='lat' dir='ltr'><em>Alex.</em></span> <span class='ocrx_word' id='word_1_217' title='bbox 1092 1509 1210 1546; x_wconf 89' lang='lat' dir='ltr'><em>fidem</em></span> <span class='ocrx_word' id='word_1_218' title='bbox 1240 1509 1497 1545; x_wconf 82' lang='lat' dir='ltr'><em>adhibuerim</em></span> <span class='ocrx_word' id='word_1_219' title='bbox 1527 1508 1602 1545; x_wconf 84' lang='lat' dir='ltr'><em>ista</em></span> 
     </span>
     <span class='ocr_line' id='line_1_25' title="bbox 310 1562 1598 1613; baseline 0 -13"><span class='ocrx_word' id='word_1_220' title='bbox 310 1564 501 1600; x_wconf 83' lang='lat' dir='ltr'><em>scribenti</em></span> <span class='ocrx_word' id='word_1_221' title='bbox 519 1591 529 1609; x_wconf 87' lang='lat'><strong>‚</strong></span> <span class='ocrx_word' id='word_1_222' title='bbox 556 1564 762 1613; x_wconf 78' lang='lat' dir='ltr'><em>Paedagog.</em></span> <span class='ocrx_word' id='word_1_223' title='bbox 784 1566 812 1600; x_wconf 90' lang='lat' dir='ltr'><em>I.</em></span> <span class='ocrx_word' id='word_1_224' title='bbox 830 1577 867 1612; x_wconf 88' lang='lat' dir='ltr'><em>p.</em></span> <span class='ocrx_word' id='word_1_225' title='bbox 897 1564 967 1599; x_wconf 79' lang='lat'><em>150</em></span> <span class='ocrx_word' id='word_1_226' title='bbox 981 1593 990 1608; x_wconf 85' lang='lat'><em>,</em></span> <span class='ocrx_word' id='word_1_227' title='bbox 1014 1564 1075 1602; x_wconf 79' lang='lat'><em>30.</em></span> <span class='ocrx_word' id='word_1_228' title='bbox 1108 1565 1172 1601; x_wconf 65' lang='grc' dir='ltr'><em>τῶν</em></span> <span class='ocrx_word' id='word_1_229' title='bbox 1191 1565 1456 1607; x_wconf 72' lang='grc' dir='ltr'><em>Θεμιστοκλέους</em></span> <span class='ocrx_word' id='word_1_230' title='bbox 1473 1562 1598 1600; x_wconf 73' lang='grc' dir='ltr'><em>παίδων</em></span> 
     </span>
     <span class='ocr_line' id='line_1_26' title="bbox 313 1613 1603 1667; baseline 0 -13"><span class='ocrx_word' id='word_1_231' title='bbox 313 1618 331 1655; x_wconf 84' lang='lat' dir='ltr'><em>o‘</em></span> <span class='ocrx_word' id='word_1_232' title='bbox 355 1616 575 1661; x_wconf 61' lang='grc' dir='ltr'><em>παιδκγαγὲς</em></span> <span class='ocrx_word' id='word_1_233' title='bbox 606 1620 727 1662; x_wconf 74' lang='grc' dir='ltr'><em>οἷκέτης</em></span> <span class='ocrx_word' id='word_1_234' title='bbox 755 1618 892 1663; x_wconf 53' lang='lat' dir='ltr'><em>§effluam</em></span> <span class='ocrx_word' id='word_1_235' title='bbox 918 1613 975 1659; x_wconf 66' lang='grc' dir='ltr'><em>ἷνι</em></span> <span class='ocrx_word' id='word_1_236' title='bbox 1006 1618 1074 1654; x_wconf 88' lang='lat' dir='ltr'><em>ubi</em></span> <span class='ocrx_word' id='word_1_237' title='bbox 1105 1619 1226 1666; x_wconf 83' lang='lat' dir='ltr'><em>paulo</em></span> <span class='ocrx_word' id='word_1_238' title='bbox 1253 1624 1361 1666; x_wconf 83' lang='lat' dir='ltr'><em>post.</em></span> <span class='ocrx_word' id='word_1_239' title='bbox 1396 1630 1516 1667; x_wconf 89' lang='lat' dir='ltr'><em>quem</em></span> <span class='ocrx_word' id='word_1_240' title='bbox 1537 1619 1603 1654; x_wconf 82' lang='lat' dir='ltr'><em>Pe-</em></span> 
     </span>
     <span class='ocr_line' id='line_1_27' title="bbox 310 1672 1606 1722; baseline 0 -12"><span class='ocrx_word' id='word_1_241' title='bbox 310 1673 428 1710; x_wconf 86' lang='lat' dir='ltr'><em>ricles</em></span> <span class='ocrx_word' id='word_1_242' title='bbox 451 1686 574 1722; x_wconf 86' lang='lat' dir='ltr'><em>puero</em></span> <span class='ocrx_word' id='word_1_243' title='bbox 590 1674 700 1710; x_wconf 84' lang='lat' dir='ltr'><em>dedit</em></span> <span class='ocrx_word' id='word_1_244' title='bbox 720 1673 923 1710; x_wconf 79' lang='lat' dir='ltr'><em>Alcibiadi</em></span> <span class='ocrx_word' id='word_1_245' title='bbox 945 1673 1143 1710; x_wconf 84' lang='lat' dir='ltr'><em>custodem</em></span> <span class='ocrx_word' id='word_1_246' title='bbox 1159 1700 1168 1717; x_wconf 83' lang='lat'>,</span> <span class='ocrx_word' id='word_1_247' title='bbox 1185 1674 1314 1709; x_wconf 81' lang='lat' dir='ltr'><em>Thrax</em></span> <span class='ocrx_word' id='word_1_248' title='bbox 1333 1675 1508 1722; x_wconf 81' lang='lat' dir='ltr'><em>Zopyrus</em></span> <span class='ocrx_word' id='word_1_249' title='bbox 1527 1672 1606 1712; x_wconf 75' lang='grc' dir='ltr'><em>ὤνκ-</em></span> 
     </span>
     <span class='ocr_line' id='line_1_28' title="bbox 311 1725 1601 1776; baseline -0.002 -10"><span class='ocrx_word' id='word_1_250' title='bbox 311 1726 368 1766; x_wconf 69' lang='grc' dir='ltr'><em>τέν</em></span> <span class='ocrx_word' id='word_1_251' title='bbox 390 1728 511 1764; x_wconf 83' lang='lat' dir='ltr'><em>fuisse</em></span> <span class='ocrx_word' id='word_1_252' title='bbox 538 1728 691 1765; x_wconf 83' lang='lat' dir='ltr'><em>dicitur</em></span> <span class='ocrx_word' id='word_1_253' title='bbox 711 1725 921 1776; x_wconf 62' lang='grc' dir='ltr'><em>α’νῖἷροέποδςν.</em></span> <span class='ocrx_word' id='word_1_254' title='bbox 951 1730 1015 1765; x_wconf 77' lang='grc' dir='ltr'><em>τῶν</em></span> <span class='ocrx_word' id='word_1_255' title='bbox 1041 1729 1171 1765; x_wconf 69' lang='grc' dir='ltr'><em>οἰκετῶν</em></span> <span class='ocrx_word' id='word_1_256' title='bbox 1201 1727 1258 1766; x_wconf 72' lang='grc' dir='ltr'><em>τᾶν</em></span> <span class='ocrx_word' id='word_1_257' title='bbox 1284 1726 1500 1775; x_wconf 61' lang='grc' dir='ltr'><em>ἀχρειότατον</em></span> <span class='ocrx_word' id='word_1_258' title='bbox 1530 1725 1601 1765; x_wconf 59' lang='lat' dir='ltr'><em>tino*</em></span> 
     </span>
     <span class='ocr_line' id='line_1_29' title="bbox 311 1780 1606 1832; baseline -0.002 -13"><span class='ocrx_word' id='word_1_259' title='bbox 311 1780 416 1830; x_wconf 56' lang='grc' dir='ltr'><em>γήρως</em></span> <span class='ocrx_word' id='word_1_260' title='bbox 435 1783 539 1819; x_wconf 81' lang='lat' dir='ltr'><em>dixit</em></span> <span class='ocrx_word' id='word_1_261' title='bbox 558 1785 664 1820; x_wconf 90' lang='lat' dir='ltr'><em>Plato</em></span> <span class='ocrx_word' id='word_1_262' title='bbox 685 1786 727 1819; x_wconf 89' lang='grc' dir='ltr'><em>Τ.</em></span> <span class='ocrx_word' id='word_1_263' title='bbox 756 1785 799 1819; x_wconf 86' lang='lat' dir='ltr'><em>Il.</em></span> <span class='ocrx_word' id='word_1_264' title='bbox 821 1796 858 1831; x_wconf 88' lang='lat' dir='ltr'><em>p.</em></span> <span class='ocrx_word' id='word_1_265' title='bbox 882 1796 968 1820; x_wconf 81' lang='lat'><strong>122.</strong></span> <span class='ocrx_word' id='word_1_266' title='bbox 987 1797 1019 1819; x_wconf 85' lang='lat' dir='ltr'><em>B.</em></span> <span class='ocrx_word' id='word_1_267' title='bbox 1050 1783 1190 1819; x_wconf 63' lang='lat' dir='ltr'><em>vidfet</em></span> <span class='ocrx_word' id='word_1_268' title='bbox 1212 1785 1431 1832; x_wconf 85' lang='lat' dir='ltr'><em>Diotogenes</em></span> <span class='ocrx_word' id='word_1_269' title='bbox 1463 1782 1606 1819; x_wconf 82' lang='lat' dir='ltr'><em>Stobaei</em></span> 
     </span>
     <span class='ocr_line' id='line_1_30' title="bbox 313 1837 1605 1885; baseline -0.002 -12"><span class='ocrx_word' id='word_1_270' title='bbox 313 1850 352 1885; x_wconf 87' lang='lat' dir='ltr'><em>p.</em></span> <span class='ocrx_word' id='word_1_271' title='bbox 377 1839 446 1874; x_wconf 82' lang='lat'><em>251</em></span> <span class='ocrx_word' id='word_1_272' title='bbox 466 1865 474 1882; x_wconf 79' lang='lat'><strong>‚</strong></span> <span class='ocrx_word' id='word_1_273' title='bbox 497 1839 560 1875; x_wconf 81' lang='lat'><em>55.</em></span> <span class='ocrx_word' id='word_1_274' title='bbox 591 1839 661 1875; x_wconf 89' lang='lat' dir='ltr'><em>Sed</em></span> <span class='ocrx_word' id='word_1_275' title='bbox 685 1838 818 1874; x_wconf 81' lang='lat' dir='ltr'><em>tardus</em></span> <span class='ocrx_word' id='word_1_276' title='bbox 831 1838 962 1874; x_wconf 78' lang='lat' dir='ltr'><em>Thrax</em></span> <span class='ocrx_word' id='word_1_277' title='bbox 980 1838 1104 1874; x_wconf 88' lang='lat' dir='ltr'><em>suerit</em></span> <span class='ocrx_word' id='word_1_278' title='bbox 1120 1840 1295 1885; x_wconf 86' lang='lat' dir='ltr'><em>Zopyrus</em></span> <span class='ocrx_word' id='word_1_279' title='bbox 1313 1841 1486 1880; x_wconf 46' lang='lat' dir='ltr'><em>senecam</em></span> <span class='ocrx_word' id='word_1_280' title='bbox 1506 1837 1605 1873; x_wconf 86' lang='lat' dir='ltr'><em>The-</em></span> 
     </span>
     <span class='ocr_line' id='line_1_31' title="bbox 312 1890 1605 1943; baseline -0.002 -15"><span class='ocrx_word' id='word_1_281' title='bbox 312 1892 527 1937; x_wconf 69' lang='lat' dir='ltr'><em>mistoclis.</em></span> <span class='ocrx_word' id='word_1_282' title='bbox 557 1893 639 1929; x_wconf 86' lang='lat' dir='ltr'><em>viri</em></span> <span class='ocrx_word' id='word_1_283' title='bbox 666 1895 704 1929; x_wconf 85' lang='lat' dir='ltr'><em>in</em></span> <span class='ocrx_word' id='word_1_284' title='bbox 730 1893 830 1929; x_wconf 79' lang='lat' dir='ltr'><em>rebus</em></span> <span class='ocrx_word' id='word_1_285' title='bbox 859 1894 1024 1940; x_wconf 76' lang='lat' dir='ltr'><em>gerendis</em></span> <span class='ocrx_word' id='word_1_286' title='bbox 1043 1895 1223 1943; x_wconf 78' lang='lat' dir='ltr'><em>prompti,</em></span> <span class='ocrx_word' id='word_1_287' title='bbox 1251 1892 1464 1930; x_wconf 89' lang='lat' dir='ltr'><em>Sicinnum</em></span> <span class='ocrx_word' id='word_1_288' title='bbox 1495 1890 1605 1928; x_wconf 84' lang='lat' dir='ltr'><em>nihil</em></span> 
     </span>
     <span class='ocr_line' id='line_1_32' title="bbox 314 1946 1606 1996; baseline -0.001 -14"><span class='ocrx_word' id='word_1_289' title='bbox 314 1946 451 1983; x_wconf 86' lang='lat' dir='ltr'><em>miuus</em></span> <span class='ocrx_word' id='word_1_290' title='bbox 482 1947 602 1984; x_wconf 83' lang='lat' dir='ltr'><em>fuisse</em></span> <span class='ocrx_word' id='word_1_291' title='bbox 632 1961 755 1996; x_wconf 83' lang='lat' dir='ltr'><em>quam</em></span> <span class='ocrx_word' id='word_1_292' title='bbox 786 1948 975 1996; x_wconf 79' lang='lat' dir='ltr'><em>ignavum</em></span> <span class='ocrx_word' id='word_1_293' title='bbox 1010 1953 1235 1984; x_wconf 84' lang='lat' dir='ltr'><em>monstrant</em></span> <span class='ocrx_word' id='word_1_294' title='bbox 1261 1948 1325 1984; x_wconf 92' lang='lat' dir='ltr'><em>hic</em></span> <span class='ocrx_word' id='word_1_295' title='bbox 1348 1953 1470 1996; x_wconf 87' lang='lat' dir='ltr'><em>atque</em></span> <span class='ocrx_word' id='word_1_296' title='bbox 1496 1946 1606 1982; x_wconf 85' lang='lat' dir='ltr'><em>infra</em></span> 
     </span>
     <span class='ocr_line' id='line_1_33' title="bbox 315 2000 1607 2045; baseline 0.002 -9"><span class='ocrx_word' id='word_1_297' title='bbox 315 2013 347 2037; x_wconf 92' lang='lat' dir='ltr'><em>c.</em></span> <span class='ocrx_word' id='word_1_298' title='bbox 374 2015 460 2038; x_wconf 84' lang='lat'><strong>110.</strong></span> <span class='ocrx_word' id='word_1_299' title='bbox 480 2009 654 2040; x_wconf 79' lang='lat' dir='ltr'><em>narrata.</em></span> <span class='ocrx_word' id='word_1_300' title='bbox 682 2003 879 2040; x_wconf 84' lang='lat' dir='ltr'><em>Plutarcho</em></span> <span class='ocrx_word' id='word_1_301' title='bbox 909 2003 1030 2039; x_wconf 88' lang='lat' dir='ltr'><em>fuisse</em></span> <span class='ocrx_word' id='word_1_302' title='bbox 1054 2002 1209 2039; x_wconf 82' lang='lat' dir='ltr'><em>dicitur</em></span> <span class='ocrx_word' id='word_1_303' title='bbox 1235 2000 1339 2045; x_wconf 70' lang='grc' dir='ltr'><em>εὔνους</em></span> <span class='ocrx_word' id='word_1_304' title='bbox 1367 2003 1607 2042; x_wconf 64' lang='grc' dir='ltr'><strong>Θεμιστοκλεῖ.</strong></span> 
     </span>
     <span class='ocr_line' id='line_1_34' title="bbox 315 2054 1606 2107; baseline -0.001 -15"><span class='ocrx_word' id='word_1_305' title='bbox 315 2057 500 2107; x_wconf 83' lang='lat' dir='ltr'><em>Polyaeno</em></span> <span class='ocrx_word' id='word_1_306' title='bbox 514 2060 543 2094; x_wconf 91' lang='lat' dir='ltr'><em>I.</em></span> <span class='ocrx_word' id='word_1_307' title='bbox 561 2058 609 2093; x_wconf 81' lang='grc'><em>50</em></span> <span class='ocrx_word' id='word_1_308' title='bbox 621 2084 631 2101; x_wconf 83' lang='grc'>,</span> <span class='ocrx_word' id='word_1_309' title='bbox 651 2071 686 2093; x_wconf 86' lang='grc'><em>2.</em></span> <span class='ocrx_word' id='word_1_310' title='bbox 708 2056 881 2103; x_wconf 65' lang='grc' dir='ltr'><em>εὕνσῦχςς,</em></span> <span class='ocrx_word' id='word_1_311' title='bbox 896 2055 1115 2100; x_wconf 46' lang='lat' dir='ltr'><em>vulga-says}</em></span> <span class='ocrx_word' id='word_1_312' title='bbox 1132 2061 1196 2095; x_wconf 70' lang='grc' dir='ltr'><em>τιῖν</em></span> <span class='ocrx_word' id='word_1_313' title='bbox 1211 2054 1337 2094; x_wconf 64' lang='grc' dir='ltr'><em>παίδων</em></span> <span class='ocrx_word' id='word_1_314' title='bbox 1354 2073 1360 2090; x_wconf 93' lang='lat'><strong>:</strong></span> <span class='ocrx_word' id='word_1_315' title='bbox 1385 2056 1454 2092; x_wconf 82' lang='lat' dir='ltr'><em>ubi</em></span> <span class='ocrx_word' id='word_1_316' title='bbox 1476 2055 1606 2092; x_wconf 75' lang='lat' dir='ltr'><em>nescio</em></span> 
     </span>
     <span class='ocr_line' id='line_1_35' title="bbox 316 2110 1606 2159; baseline 0 -13"><span class='ocrx_word' id='word_1_317' title='bbox 316 2123 394 2159; x_wconf 81' lang='lat' dir='ltr'><em>qua</em></span> <span class='ocrx_word' id='word_1_318' title='bbox 424 2112 500 2148; x_wconf 86' lang='lat' dir='ltr'><em>fide</em></span> <span class='ocrx_word' id='word_1_319' title='bbox 525 2112 658 2148; x_wconf 87' lang='lat' dir='ltr'><em>dualis</em></span> <span class='ocrx_word' id='word_1_320' title='bbox 684 2112 841 2148; x_wconf 84' lang='lat' dir='ltr'><em>nitatur</em></span> <span class='ocrx_word' id='word_1_321' title='bbox 862 2124 1056 2148; x_wconf 84' lang='lat' dir='ltr'><em>numerus</em></span> <span class='ocrx_word' id='word_1_322' title='bbox 1080 2112 1275 2148; x_wconf 86' lang='lat' dir='ltr'><em>filiorum.</em></span> <span class='ocrx_word' id='word_1_323' title='bbox 1322 2111 1441 2148; x_wconf 80' lang='lat' dir='ltr'><em>Filios</em></span> <span class='ocrx_word' id='word_1_324' title='bbox 1461 2110 1606 2146; x_wconf 83' lang='lat' dir='ltr'><em>habuit</em></span> 
     </span>
     <span class='ocr_line' id='line_1_36' title="bbox 317 2165 1608 2215; baseline 0.001 -15"><span class='ocrx_word' id='word_1_325' title='bbox 317 2165 360 2201; x_wconf 87' lang='lat' dir='ltr'><em>in</em></span> <span class='ocrx_word' id='word_1_326' title='bbox 393 2167 624 2203; x_wconf 85' lang='lat' dir='ltr'><em>universum</em></span> <span class='ocrx_word' id='word_1_327' title='bbox 654 2168 838 2215; x_wconf 87' lang='lat' dir='ltr'><em>quinque</em></span> <span class='ocrx_word' id='word_1_328' title='bbox 856 2167 1154 2210; x_wconf 74' lang='lat' dir='ltr'><em>Themistocles,</em></span> <span class='ocrx_word' id='word_1_329' title='bbox 1181 2179 1357 2215; x_wconf 85' lang='lat' dir='ltr'><em>quorum</em></span> <span class='ocrx_word' id='word_1_330' title='bbox 1382 2178 1487 2202; x_wconf 90' lang='lat' dir='ltr'><em>unus</em></span> <span class='ocrx_word' id='word_1_331' title='bbox 1507 2176 1608 2214; x_wconf 83' lang='lat' dir='ltr'><em>puer</em></span> 
     </span>
     <span class='ocr_line' id='line_1_37' title="bbox 317 2219 1608 2269; baseline -0.002 -13"><span class='ocrx_word' id='word_1_332' title='bbox 317 2226 502 2257; x_wconf 88' lang='lat' dir='ltr'><em>mortuus</em></span> <span class='ocrx_word' id='word_1_333' title='bbox 536 2228 613 2264; x_wconf 70' lang='grc' dir='ltr'><em>θεὶς</em></span> <span class='ocrx_word' id='word_1_334' title='bbox 643 2222 820 2258; x_wconf 85' lang='lat' dir='ltr'><em>Dioclem</em></span> <span class='ocrx_word' id='word_1_335' title='bbox 850 2234 945 2258; x_wconf 76' lang='lat' dir='ltr'><em>avus</em></span> <span class='ocrx_word' id='word_1_336' title='bbox 969 2222 1172 2269; x_wconf 81' lang='lat' dir='ltr'><em>adoptavit</em></span> <span class='ocrx_word' id='word_1_337' title='bbox 1200 2227 1423 2258; x_wconf 85' lang='lat' dir='ltr'><em>maternus:</em></span> <span class='ocrx_word' id='word_1_338' title='bbox 1458 2232 1503 2256; x_wconf 90' lang='lat' dir='ltr'><em>ex</em></span> <span class='ocrx_word' id='word_1_339' title='bbox 1535 2219 1608 2255; x_wconf 89' lang='lat' dir='ltr'><em>tri-</em></span> 
     </span>
     <span class='ocr_line' id='line_1_38' title="bbox 317 2276 1611 2324; baseline -0.001 -13"><span class='ocrx_word' id='word_1_340' title='bbox 317 2276 392 2311; x_wconf 87' lang='lat' dir='ltr'><em>bus</em></span> <span class='ocrx_word' id='word_1_341' title='bbox 407 2302 416 2317; x_wconf 79' lang='lat'>,</span> <span class='ocrx_word' id='word_1_342' title='bbox 435 2289 534 2324; x_wconf 90' lang='lat' dir='ltr'><em>quos</em></span> <span class='ocrx_word' id='word_1_343' title='bbox 554 2276 726 2313; x_wconf 88' lang='lat' dir='ltr'><em>moriens</em></span> <span class='ocrx_word' id='word_1_344' title='bbox 753 2276 923 2324; x_wconf 83' lang='lat' dir='ltr'><em>reliquit</em></span> <span class='ocrx_word' id='word_1_345' title='bbox 953 2282 1046 2312; x_wconf 75' lang='lat' dir='ltr'><em>teste</em></span> <span class='ocrx_word' id='word_1_346' title='bbox 1066 2277 1261 2312; x_wconf 80' lang='lat' dir='ltr'><em>Plutarcho</em></span> <span class='ocrx_word' id='word_1_347' title='bbox 1289 2279 1330 2314; x_wconf 90' lang='lat' dir='ltr'><em>T.</em></span> <span class='ocrx_word' id='word_1_348' title='bbox 1353 2279 1382 2313; x_wconf 93' lang='lat'><em>1.</em></span> <span class='ocrx_word' id='word_1_349' title='bbox 1403 2289 1440 2324; x_wconf 88' lang='lat' dir='ltr'><em>p.</em></span> <span class='ocrx_word' id='word_1_350' title='bbox 1468 2276 1556 2311; x_wconf 81' lang='lat'><strong>128.</strong></span> <span class='ocrx_word' id='word_1_351' title='bbox 1574 2288 1611 2311; x_wconf 78' lang='lat' dir='ltr'><em>B.</em></span> 
     </span>
     <span class='ocr_line' id='line_1_39' title="bbox 319 2331 1611 2379; baseline -0.003 -12"><span class='ocrx_word' id='word_1_352' title='bbox 319 2331 426 2367; x_wconf 89' lang='lat' dir='ltr'><em>nihil</em></span> <span class='ocrx_word' id='word_1_353' title='bbox 447 2336 503 2367; x_wconf 89' lang='lat' dir='ltr'><em>est</em></span> <span class='ocrx_word' id='word_1_354' title='bbox 530 2342 691 2376; x_wconf 72' lang='lat' dir='ltr'><em>causae,</em></span> <span class='ocrx_word' id='word_1_355' title='bbox 710 2344 784 2368; x_wconf 87' lang='lat' dir='ltr'><em>eur</em></span> <span class='ocrx_word' id='word_1_356' title='bbox 800 2344 904 2366; x_wconf 87' lang='lat' dir='ltr'><em>unus</em></span> <span class='ocrx_word' id='word_1_357' title='bbox 920 2331 1047 2366; x_wconf 78' lang='lat' dir='ltr'><em>eidem</em></span> <span class='ocrx_word' id='word_1_358' title='bbox 1069 2333 1110 2367; x_wconf 88' lang='lat' dir='ltr'><em>T.</em></span> <span class='ocrx_word' id='word_1_359' title='bbox 1128 2333 1172 2368; x_wconf 86' lang='lat'><em>11.</em></span> <span class='ocrx_word' id='word_1_360' title='bbox 1192 2345 1229 2379; x_wconf 87' lang='lat' dir='ltr'><em>p.</em></span> <span class='ocrx_word' id='word_1_361' title='bbox 1258 2345 1289 2369; x_wconf 90' lang='lat'><em>1.</em></span> <span class='ocrx_word' id='word_1_362' title='bbox 1309 2346 1342 2368; x_wconf 81' lang='lat' dir='ltr'><em>B.</em></span> <span class='ocrx_word' id='word_1_363' title='bbox 1369 2331 1500 2367; x_wconf 88' lang='lat' dir='ltr'><em>dictus</em></span> <span class='ocrx_word' id='word_1_364' title='bbox 1519 2340 1611 2365; x_wconf 89' lang='lat' dir='ltr'><em>cen-</em></span> 
     </span>
     <span class='ocr_line' id='line_1_40' title="bbox 318 2383 1610 2435; baseline -0.003 -13"><span class='ocrx_word' id='word_1_365' title='bbox 318 2391 472 2422; x_wconf 81' lang='lat' dir='ltr'><em>seretur</em></span> <span class='ocrx_word' id='word_1_366' title='bbox 492 2387 744 2435; x_wconf 80' lang='lat' dir='ltr'><em>Diophantus:</em></span> <span class='ocrx_word' id='word_1_367' title='bbox 779 2385 962 2427; x_wconf 63' lang='grc' dir='ltr'><em>Διέφοιντον</em></span> <span class='ocrx_word' id='word_1_368' title='bbox 991 2392 1193 2422; x_wconf 84' lang='lat' dir='ltr'><em>mutemus</em></span> <span class='ocrx_word' id='word_1_369' title='bbox 1217 2386 1259 2421; x_wconf 91' lang='lat' dir='ltr'><em>in</em></span> <span class='ocrx_word' id='word_1_370' title='bbox 1292 2385 1525 2426; x_wconf 62' lang='grc' dir='ltr'><em>Κλεόφαντονι</em></span> <span class='ocrx_word' id='word_1_371' title='bbox 1553 2383 1610 2419; x_wconf 85' lang='lat' dir='ltr'><em>sic</em></span> 
     </span>
     <span class='ocr_line' id='line_1_41' title="bbox 319 2438 1612 2489; baseline -0.003 -11"><span class='ocrx_word' id='word_1_372' title='bbox 319 2454 390 2478; x_wconf 88' lang='lat' dir='ltr'><em>suo</em></span> <span class='ocrx_word' id='word_1_373' title='bbox 415 2441 499 2477; x_wconf 91' lang='lat' dir='ltr'><em>loco</em></span> <span class='ocrx_word' id='word_1_374' title='bbox 519 2441 671 2477; x_wconf 86' lang='lat' dir='ltr'><em>dicitur</em></span> <span class='ocrx_word' id='word_1_375' title='bbox 691 2441 907 2483; x_wconf 80' lang='lat' dir='ltr'><em>Plutarcho,</em></span> <span class='ocrx_word' id='word_1_376' title='bbox 926 2446 983 2485; x_wconf 72' lang='lat' dir='ltr'><em>et,</em></span> <span class='ocrx_word' id='word_1_377' title='bbox 1001 2453 1120 2489; x_wconf 83' lang='lat' dir='ltr'><em>quem</em></span> <span class='ocrx_word' id='word_1_378' title='bbox 1140 2441 1259 2485; x_wconf 75' lang='lat' dir='ltr'><em>citat,</em></span> <span class='ocrx_word' id='word_1_379' title='bbox 1282 2442 1374 2489; x_wconf 87' lang='lat' dir='ltr'><em>plus</em></span> <span class='ocrx_word' id='word_1_380' title='bbox 1388 2439 1508 2477; x_wconf 81' lang='lat' dir='ltr'><em>semel</em></span> <span class='ocrx_word' id='word_1_381' title='bbox 1524 2438 1612 2475; x_wconf 73' lang='lat' dir='ltr'><em>Pla-</em></span> 
     </span>
     <span class='ocr_line' id='line_1_42' title="bbox 319 2496 1260 2549; baseline -0.001 -15"><span class='ocrx_word' id='word_1_382' title='bbox 319 2498 397 2535; x_wconf 82' lang='lat' dir='ltr'><em>toni</em></span> <span class='ocrx_word' id='word_1_383' title='bbox 417 2496 460 2536; x_wconf 85' lang='lat' dir='ltr'><em>in</em></span> <span class='ocrx_word' id='word_1_384' title='bbox 481 2498 647 2535; x_wconf 78' lang='lat' dir='ltr'><em>Menone</em></span> <span class='ocrx_word' id='word_1_385' title='bbox 662 2498 703 2534; x_wconf 80' lang='lat' dir='ltr'><em>T.</em></span> <span class='ocrx_word' id='word_1_386' title='bbox 727 2498 772 2534; x_wconf 93' lang='lat' dir='ltr'><em>II.</em></span> <span class='ocrx_word' id='word_1_387' title='bbox 791 2509 831 2547; x_wconf 87' lang='lat' dir='ltr'><em>p.</em></span> <span class='ocrx_word' id='word_1_388' title='bbox 853 2496 916 2549; x_wconf 73' lang='lat'><em>93.</em></span> <span class='ocrx_word' id='word_1_389' title='bbox 933 2510 969 2532; x_wconf 88' lang='lat' dir='ltr'><em>D.</em></span> <span class='ocrx_word' id='word_1_390' title='bbox 988 2510 1022 2533; x_wconf 74' lang='grc' dir='ltr'><em>ε.</em></span> <span class='ocrx_word' id='word_1_391' title='bbox 1042 2497 1196 2533; x_wconf 89' lang='lat' dir='ltr'><strong>VALC</strong></span> <span class='ocrx_word' id='word_1_392' title='bbox 1212 2498 1260 2533; x_wconf 76' lang='lat' dir='ltr'><em>K.</em></span> 
     </span>
    </p>
   </div>
  </div>
 </body>
</html>
