1718 2919
307 195 385 234 258
553 189 1306 231 ADNOTATIONES

308 298 426 334 homo
448 297 664 346 praecidit,
692 303 728 335 et
751 311 918 335 murum
952 299 1120 336 carceris
1151 298 1346 348 perfodit,
1377 310 1455 335 non
1481 297 1609 348 ipsam

309 352 533 389 discindere
553 353 848 402 dissolvercque
862 354 1088 402 compedem
1110 354 1298 403 potuerit.
1326 352 1370 391 S.

368 416 416 453 24
439 422 509 458 seq.
531 410 835 456 πρῡσποιηο-ιέμενος
853 407 977 452 ξύλινον
1001 405 1114 458 πέδοι)
1147 412 1263 460 Quum
1284 410 1439 458 ligneum
1459 408 1526 445 sibi
1544 423 1609 458 pe·

310 463 387 500 dem
403 464 625 500 adscivisset.
662 463 851 499 Plutarch.
870 463 918 499 de
938 465 1037 499 Frat.
1058 466 1206 501 Amore
1226 477 1262 512 p.
1282 473 1375 513 479.
1396 477 1430 500 Β.
1451 463 1468 502 o‘
1487 463 1609 510 Ἀρκα-

304 514 402 561 Bano'g
424 517 543 561 μα’ντις
562 517 756 561 α’ναγκαίως
780 515 872 555 vro'Bx
897 516 1022 561 ξύλινᾱν
1041 517 1300 564 nque-exoticam
1326 517 1398 555 καθ’
1419 516 1604 565 Ἡρόδοτον,

310 573 370 610 τοῦ
389 574 503 611 οἶκείσυ
519 573 691 620 ermom:
730 573 793 609 sed
816 573 936 609 Eleus
966 572 1046 609 fuit
1066 574 1349 622 Hegesistratus
1374 578 1502 616 vates,
1524 584 1605 608 non

308 627 445 664 Arcas.
493 627 596 663 Hinc
622 638 713 663 vero
737 627 848 665 verbi
876 627 998 663 medii
1026 634 1191 676 potestas
1214 627 1434 664 clarissime
1453 626 1605 675 liquet:

307 685 416 719 alteri
450 683 535 732 quid
567 683 783 728 attribuere,
811 683 874 719 vel
906 685 1108 733 acquirere,
1145 685 1348 720 Pausaniae
1375 682 1608 731 frequenter

305 737 461 774 dicitur
480 736 656 785 aliisque
675 741 869 786 προσπόιεῖν.
901 740 1114 776 VALCK.

364 805 427 842 27.
457 790 759 844 συγκεκυρημένον)
799 793 876 830 Vir
904 793 1062 838 doctus,
1089 789 1256 844 [Reium]
1284 792 1350 829 cui
1382 792 1425 828 in
1448 791 1605 841 opinio-

307 859 399 884 nem
429 847 627 883 inciderat
655 848 932 896 cvynsufme'vov‚
967 855 1062 893 aut,
1095 848 1227 884 eodem
1263 859 1404 892 sensu,
1435 863 1605 896 συγκεκρι·

306 903 416 945 μένον,
439 902 660 951 prudenter
680 902 919 939 sententiam
949 902 1134 940 mutavit.
1173 903 1338 939 Dudum
1359 904 1488 940 Portus
1509 902 1607 948 ἔχθος

307 959 582 1004 συγκεκυρημένον
607 957 714 993 idem
742 968 842 1002 esse,
874 970 918 994 ac
946 959 1064 995 odium
1092 972 1177 995 casu
1195 955 1358 1005 fortuito
1388 964 1606 1007 susceptum,

306 1012 504 1060 patefecit.
517 1013 698 1051 WESS.
718 1033 769 1039 —-
789 1015 845 1049 At
864 1013 924 1048 nil
941 1026 1040 1062 opus
1056 1019 1113 1049 est
1129 1011 1383 1060 utsortuilum
1397 1026 1516 1049 casum
1536 1023 1604 1047 ur·

304 1079 487 1116 geamus3
511 1079 614 1116 quae
642 1067 752 1104 notio
774 1079 845 1103 nec
867 1079 937 1116 per
952 1080 991 1105 se
1006 1070 1126 1105 verbo
1152 1068 1249 1104 huic
1271 1067 1392 1111 inest,
1420 1079 1491 1104 nec
1509 1065 1605 1102 huic

304 1124 390 1158 loco
417 1122 633 1159 admodum
664 1123 870 1172 congruit:
901 1124 994 1160 satis
1015 1123 1140 1159 fuerit
1163 1122 1339 1172 intelligi
1364 1124 1481 1159 odium
1510 1121 1604 1171 quod

303 1179 358 1214 illi
379 1178 583 1223 acciderat,
602 1177 641 1212 id
665 1184 743 1222 est,
764 1179 859 1227 quod
878 1180 937 1215 ille
968 1184 1192 1228 conceperat.
1232 1177 1353 1214 Possit
1374 1184 1502 1214 tamen
1527 1177 1606 1212 sor-

306 1238 421 1278 tasse,
441 1244 512 1268 nec
530 1232 798 1278 incommode,
813 1245 906 1269 cum
928 1235 1068 1270 Reiskio
1088 1234 1168 1269 fere
1189 1232 1365 1282 intelligi
1382 1234 1500 1269 odium
1517 1245 1604 1281 quo-

302 1301 446 1337 cumque
463 1289 600 1324 demum
616 1301 701 1324 casu
718 1290 832 1337 ipsum
850 1290 944 1324 inter
960 1295 995 1324 et
1009 1289 1310 1325 Lacedaemonios
1331 1290 1539 1337 conflatum.
1557 1285 1602 1324 S.

362 1344 425 1379 32.
455 1340 549 1380 κατ-α’
569 1357 603 1379 τε
622 1341 662 1379 ‘ro'
683 1341 806 1388 ἔχθος
825 1341 866 1380 ‘to‘
887 1340 1261 1392 Λακεδαιμονίων)
1292 1345 1358 1380 Est
1379 1343 1484 1379 idem
1506 1340 1602 1387 ἔχθος

303 1395 344 1435 ro*
380 1397 409 1440 ἔς
441 1393 736 1440 Λακεδαιμονίους,
771 1397 820 1433 de
846 1410 927 1445 quo
964 1399 1084 1446 paulo
1112 1403 1224 1434 ante:
1263 1410 1344 1446 quo
1374 1397 1489 1434 modo
1519 1395 1602 1432 alia

302 1452 348 1488 in
381 1463 422 1488 re
449 1452 630 1489 Diodorus
661 1454 731 1488 Sic.
751 1450 810 1492 την
836 1451 1018 1501 εὐεργεσίαν
1037 1455 1096 1495 τῆς
1118 1451 1298 1495 mame„
1333 1452 1602 1489 benivolentiam

301 1520 391 1557 erga
407 1509 602 1552 mulierem,
620 1506 692 1544 lib.
713 1509 839 1544 XVII.
860 1519 892 1543 c.
909 1516 973 1553 24.
996 1508 1065 1544 ubi
1087 1509 1288 1544 observata
1302 1507 1404 1544 vide.
1425 1511 1474 1544 W
1490 1507 1601 1544 ESS.

304 1582 354 1589 —
385 1562 586 1600 Similiter
611 1561 717 1609 apud
739 1564 929 1599 Nostrum
951 1566 1014 1600 111.
1038 1563 1108 1599 156
1126 1589 1136 1607 ‚
1161 1565 1197 1598 8.
1219 1563 1254 1600 ἐκ
1274 1561 1428 1607 ῥηστώνης
1451 1562 1511 1604 της
1536 1570 1603 1600 Δη-

301 1615 482 1660 μοκῆδους,
520 1618 747 1666 indulgentia
775 1619 942 1655 adversus
967 1618 1209 1656 Democedem.
1260 1617 1376 1655 Cons.
1405 1617 1530 1653 Valck.
1552 1613 1600 1651 ad

301 1674 406 1709 VIII.
432 1672 501 1716 30,
518 1680 556 1716 4.
580 1670 626 1710 S.

412 1725 557 1766 CAP.
581 1724 875 1766 XXXVIII.
911 1728 946 1765 5.
982 1724 1274 1771 Τιμηγενίδης
1303 1722 1510 1775 emman-vx)
1548 1726 1604 1762 Eo

303 1781 467 1818 nomine
510 1785 663 1830 patriae
699 1782 918 1832 flagitiosus
958 1783 1138 1831 proditor
1175 1782 1360 1819 omnium
1398 1781 1602 1816 librorum

301 1837 557 1874 consensione
573 1850 605 1875 c.
629 1837 691 1874 85.
737 1839 942 1875 Pausaniae
962 1835 1182 1881 Τιμηγενίὸκς
1202 1837 1306 1873 idem
1337 1836 1410 1872 lib.
1426 1836 1513 1873 Vll.
1540 1847 1601 1871 ιο.

305 1891 496 1940 Optimus
515 1893 597 1929 dux
619 1892 756 1941 itaque
775 1895 892 1931 Arch.
910 1893 1040 1929 codex.
1072 1894 1202 1930 WES
1214 1893 1254 1931 S.

411 1945 556 1986 CAP.
578 1946 807 1987 XXXIX.
831 1949 864 1985 5.
893 1946 929 1985 αἲ
951 1949 1002 1985 ἐπὶ
1026 1948 1220 1985 Πλαταιέων
1241 1943 1399 1995 Φέρουσι)
1423 1943 1597 1981 Aditum

301 2014 348 2038 ex
369 2001 608 2039 Cithaerone
625 2004 795 2040 Plataeas
816 2015 950 2040 versus
966 2004 1165 2039 Pausanias
1194 2004 1262 2040 IX.
1285 2014 1319 2037 2.
1349 2013 1386 2048 p.
1414 1999 1505 2045 715.
1535 2011 1602 2046 pa-

305 2056 458 2092 tefecit:
490 2057 627 2105 Δρυδς
646 2058 822 2102 κεφκλοὲς,
849 2059 982 2107 Capita
1004 2072 1173 2107 quercus,
1198 2064 1236 2093 et
1258 2056 1478 2092 fabulosam
1504 2053 1602 2090 titu-

301 2110 333 2145 li
356 2111 552 2160 originem
578 2113 819 2149 Philostratus
840 2114 944 2150 Icon.
966 2113 1039 2149 lib.
1056 2115 1101 2150 ΙΙ.
1123 2126 1183 2162 ¹9·
1205 2114 1275 2149 fin.
1296 2117 1381 2159 post
1397 2109 1602 2160 Thucydid.

300 2167 365 2202 111.
392 2176 455 2211 24.
493 2170 623 2214 Τρεῖς
652 2167 807 2211 κεφαλαὶ·
832 2181 910 2204 non
932 2168 1115 2204 memini.
1162 2168 1277 2203 l'lura
1304 2165 1484 2202 Boeotiae
1516 2165 1602 2200 loca

301 2226 420 2265 sunt,
448 2234 538 2257 raro
563 2221 669 2270 apud
700 2222 799 2259 alios
830 2223 957 2259 obvia.
1002 2225 1096 2259 Livii
1127 2222 1199 2258 lib.
1220 2223 1385 2258 XXXV.
1410 2220 1472 2256 50.
1504 2220 1602 2254 Her·

304 2289 459 2320 maeum,
490 2277 605 2312 modo
634 2282 765 2313 tamen
797 2279 894 2313 bene
928 2278 1089 2322 habeat,
1119 2277 1189 2312 ubi
1216 2275 1447 2324 reperitur?
1495 2275 1598 2311 Nam

293 2328 454 2378 ‘'Emer-xcv
482 2332 510 2369 ἐν
536 2333 695 2380 Κορωνείᾳ
721 2333 779 2375 τὲς
798 2336 953 2375 Βοιωτίας
974 2333 1075 2375 τόπος
1095 2334 1271 2368 Eustratii
1287 2360 1295 2375 ,
1322 2337 1393 2366 aut
1411 2328 1600 2378 Anonymi

302 2385 437 2432 potius
467 2385 510 2421 in
532 2386 659 2423 Ethic.
678 2390 889 2424 Aristotelis
921 2389 982 2424 III.
1013 2400 1050 2435 p.
1073 2389 1136 2432 46.
1163 2400 1184 2422 a
1211 2387 1377 2423 Liviano
1398 2383 1602 2420 remotior.
1647 2391 1651 2393 ’

301 2439 452 2476 Ibidem
480 2452 527 2477 ex
559 2442 811 2491 Cephissodori
841 2442 913 2480 lib.
947 2444 1030 2482 XII.
1061 2444 1132 2491 περὶ
1165 2443 1225 2480 τοῦ
1253 2441 1350 2490 Ἱεροῦ
1381 2441 1528 2481 πολέμου
1559 2441 1599 2473 et

1716 927 1718 941 l

1717 956 1718 967 l
