1718 2919
374 241 424 280 ιε
658 236 1403 278 ADNOTATIONES

485 340 630 386 CAP.
658 341 792 384 XXI.
815 345 851 381 5.
875 342 953 387 sm
971 344 1090 381 πᾶσι
1110 341 1267 391 κείνοισι)
1295 343 1453 388 Rediit,
1474 343 1580 392 quod
1601 355 1671 382 ex-

374 402 538 450 pulsum
563 400 664 436 citra
695 411 851 449 gravem
879 411 1054 435 caussam
1083 398 1176 435 fuit.
1224 399 1384 436 Putares
1408 399 1599 436 Libanium
1618 401 1665 436 T.

371 459 418 494 11.
440 469 476 505 p.
497 464 591 506 490.
607 468 638 491 e.
666 455 901 504 Megabazum
922 453 1055 501 ipsum
1088 453 1209 489 fuisse
1229 459 1454 500 peremtum
1480 454 1663 502 opinari;

371 512 427 548 sic
444 511 554 547 enim
569 537 579 555 ,
608 507 676 548 οῦδὲ
694 509 760 557 ’γοέρ
789 509 816 546 οἱ
838 507 912 550 τούς
933 510 1003 556 περὶ
1030 505 1237 553 Μεγάβαζον
1257 507 1508 552 οἷποκτείνοντοις
1526 509 1554 546 ἔν
1579 515 1663 547 Μα-

370 563 517 613 κεδονίᾳ,
545 563 634 607 mro?
653 563 692 601 τέ
716 561 835 600 δεῖπνον
858 563 1082 610 ἐκφερομένους
1104 563 1144 605 εἷς
1169 560 1356 610 Ἀφροδίτην
1376 560 1487 600 ἄδικον
1508 562 1576 601 ν’πδ
1599 563 1663 605 ‘tiis'

369 622 486 663 μέθηςε
518 619 558 657 h.
585 631 639 663 e.‚
668 620 821 655 Morello
848 622 1026 653 vertente
1042 643 1051 661 ‚
1090 631 1198 666 neque
1224 619 1317 653 enim
1344 619 1404 667 qui
1430 618 1667 667 Megabazum

368 672 627 722 interfecerant
647 675 685 709 in
711 673 928 710 Macedonia
954 676 1026 707 etc.
1055 672 1193 716 Recte,
1221 671 1278 707 ita
1299 671 1332 707 si
1355 671 1571 719 scripserit.
1598 670 1665 708 Li-

368 731 439 766 ber
466 731 516 766 ab
539 740 674 764 errore
693 728 842 763 Rhetor
864 726 964 770 erit,
991 726 1106 762 modo
1129 725 1204 769 τούς
1225 725 1320 774 πικροὶ
1345 725 1555 772 Μεγαβάζου
1573 725 1669 774 pin·

366 790 507 835 gatur,
529 783 918 831 intelliganturque‚
941 783 1038 818 missi
1057 781 1142 817 eius
1166 783 1290 829 legati.
1328 782 1405 829 Περὶ
1434 786 1473 817 et
1499 780 1594 829 παραὶ
1612 782 1664 817 ab

365 838 681 876 amanuensibus
707 836 888 881 misceri,
918 842 1071 872 norunt
1097 847 1244 872 omnes.
1286 834 1304 873 ὅ
1334 833 1429 882 παραὶ
1457 836 1515 878 τῆς
1533 834 1664 878 Ἀμφι-

365 892 499 942 τρύωνος
511 896 683 937 γυνκῖκος,
697 894 885 929 Alcmenes
902 892 1071 936 nuncius,
1089 891 1132 926 in
1145 891 1296 927 Luciani
1310 889 1419 927 Dial.
1430 890 1547 926 Deor.
1563 892 1612 927 X.
1633 903 1644 925 1
1656 916 1668 926 .

422 1017 459 1053 9.
488 1000 558 1045 δούς
584 999 616 1039 δὲ
646 1001 761 1039 ταῦτα
790 996 1052 1049 κατέλαβε)
1083 1000 1120 1036 Α
1145 1001 1276 1036 Suidae
1301 998 1662 1047 interpretatione,

366 1059 524 1097 ἐπέλαβεν
541 1083 550 1100 ,
575 1057 696 1101 ἐπέσχε
715 1057 774 1098 τῆς
798 1055 920 1102 ὁρμῆς,
951 1067 1031 1090 non
1056 1055 1248 1090 abhorreo
1265 1080 1275 1095 ,
1304 1054 1364 1091 uti
1396 1065 1526 1102 neque
1543 1054 1661 1091 Abre-

362 1113 482 1149 schius
503 1111 588 1148 Dil.
607 1110 783 1158 Thucyd.
803 1123 842 1157 p.
864 1110 954 1159 509.
986 1109 1093 1146 Ordo
1112 1115 1246 1145 autem
1270 1109 1414 1145 horum
1441 1108 1662 1146 Herodoteo

363 1179 474 1203 more
491 1166 710 1202 confusior.
738 1164 949 1207 potuisset,
970 1162 1055 1212 οένδρῖ
1076 1165 1183 1212 Πέρσῃ
1201 1165 1251 1211 τῷ
1272 1161 1423 1211 διξημένῳ
1440 1162 1514 1207 τούς
1527 1170 1594 1200 etc.
1609 1175 1658 1200 ex

361 1223 495 1259 Reiskii
514 1220 789 1261 divinatione3
821 1219 886 1254 cui
914 1219 1101 1266 equidem
1127 1230 1347 1266 praepono,
1376 1218 1420 1253 in
1442 1225 1658 1256 msstorum

362 1276 434 1312 hoc
449 1276 634 1321 silentio,
669 1275 898 1311 Valckenarii
923 1274 1141 1322 elegantem
1163 1273 1416 1309 sententiam.
1447 1274 1658 1323 Gygaeam‚

360 1330 584 1367 Alexandri
622 1341 816 1373 sororem,
852 1328 926 1364 lib.
959 1330 1062 1366 VIII.
1103 1329 1190 1364 136.
1228 1328 1437 1376 praeteriit
1470 1328 1658 1367 minime.

422 1453 482 1476 10.
510 1441 576 1478 τῶν
605 1436 774 1484 διζημένων
807 1436 880 1480 τούς
907 1436 1131 1479 οἷπσλομένους
1159 1438 1235 1474 τῶν
1270 1435 1559 1485 στρατηγῶν)
1600 1439 1653 1475 Ut

358 1507 479 1531 suum
493 1497 634 1532 Noster
650 1499 873 1540 recuperet,
894 1503 1007 1540 spero
1022 1491 1207 1540 equidem
1226 1491 1269 1527 in
1286 1491 1500 1528 Codicibus
1517 1492 1658 1529 inven-

359 1556 447 1586 tum
470 1549 524 1585 iri
545 1550 603 1597 τῷ
626 1548 875 1596 στρατηγῷ.
909 1547 1087 1591 Bubares,
1112 1546 1178 1582 cui
1197 1546 1307 1582 dedit
1324 1553 1362 1582 et
1385 1547 1596 1594 pecuniam
1613 1553 1656 1584 et

357 1616 531 1640 sororem
552 1615 666 1639 suam
695 1604 888 1650 Gygaeam
907 1601 1135 1637 Alexander
1154 1601 1196 1636 in
1224 1601 1555 1646 matrimonium,
1583 1603 1657 1639 dua:

346 1657 429 1705 suit
451 1673 592 1702 eorum,
611 1660 669 1707 qui
689 1655 952 1702 missisuerant
966 1658 1014 1692 ad
1035 1657 1262 1705 inquirendos
1280 1657 1408 1693 Persas
1425 1655 1656 1704 interfectos,

355 1727 377 1749 a
408 1720 519 1761 patre
548 1713 749 1761 Megabazo
780 1711 882 1746 illuc
907 1711 1067 1755 missus,
1099 1711 1173 1747 lib.
1205 1712 1290 1748 v11.
1317 1723 1401 1758 cap.
1428 1724 1492 1747 22.
1523 1712 1654 1748 Histo-

355 1768 438 1804 riae
472 1775 603 1804 tamen
636 1768 843 1802 obscurata
864 1765 1031 1801 veritate
1058 1766 1218 1802 Iustinus
1241 1767 1328 1802 VII.
1357 1766 1414 1810 5.‚
1443 1764 1653 1813 Interfectis

354 1823 514 1859 omnibus
530 1851 539 1867 ,
555 1825 706 1871 ignarus
726 1822 775 1857 rei
795 1821 1012 1869 Megabazus
1025 1849 1034 1864 ,
1049 1834 1126 1856 cum
1145 1823 1257 1869 legati
1279 1835 1352 1856 non
1371 1821 1547 1865 redirent,
1570 1824 1653 1858 mit-

353 1880 400 1914 tit
418 1891 456 1913 eo
477 1891 554 1913 curn
573 1878 746 1913 exercitus
762 1882 870 1923 parte
889 1875 1081 1919 Ruborem,
1103 1882 1141 1910 ut
1166 1878 1206 1911 in
1232 1875 1356 1911 bellum
1373 1873 1493 1921 facile
1520 1882 1554 1912 et
1581 1891 1653 1913 me-

352 1933 485 1968 diocre.
500 1952 517 1959 -
536 1952 553 1960 -
570 1951 588 1959 -
605 1932 673 1967 sed
692 1930 849 1967 Bubares
865 1956 874 1973 ‚
893 1944 1013 1966 amore
1023 1932 1130 1976 filiae
1146 1934 1330 1981 Amyntae
1352 1938 1477 1979 captus
1490 1956 1500 1975 ,
1519 1933 1650 1968 omisso

352 1986 443 2022 bello
465 1988 608 2034 nuptias
628 1984 753 2032 facit,
774 1985 1009 2033 depositisque
1029 1985 1216 2021 hostilibus
1235 1986 1362 2021 animis
1383 1987 1422 2020 in
1444 1987 1651 2033 adfinitatis

352 2044 433 2078 iura
451 2043 619 2077 succedit.
642 2043 729 2076 Aut
747 2051 879 2075 vocem
910 2052 989 2075 non
1011 2040 1125 2087 legit,
1154 2045 1226 2076 aut
1252 2040 1392 2075 lectam
1426 2041 1536 2076 Valla
1565 2053 1647 2078 non

351 2096 557 2131 immerito
576 2094 731 2131 censuit
751 2094 1015 2141 interpretatu
1036 2094 1244 2130 difficilem
1261 2110 1267 2128 :
1297 2093 1402 2143 quod
1432 2094 1566 2142 posuit
1582 2096 1649 2132 vir

349 2151 447 2187 clar.
476 2153 535 2186 uni
557 2164 600 2185 ea:
628 2149 894 2198 inquisitoribus
913 2147 1183 2195 interfectorum
1202 2150 1347 2193 ducum,
1380 2149 1541 2185 tolerari
1561 2163 1644 2187 non

349 2211 495 2254 potest:
535 2217 628 2240 nam
654 2204 834 2252 primum
864 2216 1062 2251 nusquam
1093 2204 1135 2239 in
1169 2209 1246 2239 tota
1277 2203 1506 2239 narratione
1532 2205 1644 2242 missi

347 2266 496 2307 septem
524 2273 545 2295 a
567 2260 767 2307 Megabazo
794 2258 913 2307 legati
940 2260 1042 2294 duces
1070 2259 1288 2302 dicuntur,
1320 2258 1533 2295 autetiam
1559 2259 1642 2297 dici

348 2321 555 2363 poterant3
586 2314 658 2361 qui
689 2325 759 2348 suo
788 2313 940 2361 singuli
961 2314 1157 2349 duntaxat
1179 2319 1369 2349 venerant
1395 2313 1559 2350 servitio
1579 2326 1642 2351 co·

347 2370 504 2405 mitati:
534 2368 677 2404 deinde
696 2380 775 2403 non
807 2367 960 2404 nobiles
989 2368 1054 2404 isti
1079 2375 1235 2417 tantum
1257 2370 1389 2404 Persae
1416 2367 1641 2417 perierant,

343 2436 486 2461 verum
505 2421 718 2470 διεφθάρησαν
743 2422 838 2459 αὗτοὶ
867 2425 924 2458 καὶ
951 2422 970 2461 n‘
996 2422 1159 2470 θερκττηῗη
1180 2421 1315 2460 αὐτέων.
1355 2424 1541 2460 Ceterum
1569 2437 1641 2461 suo

342 2480 494 2515 iterum
527 2489 637 2513 more
669 2477 847 2513 turbavit
875 2476 1057 2513 ordinem
1089 2478 1380 2514 vocabulorum
1407 2478 1644 2528 Herodotus,⁸
