1718 2919
277 214 328 244 22
567 201 1318 243 ADNOTATIONES

277 310 430 359 legitur
459 309 503 344 in
528 308 732 356 plerisque
762 304 1057 359 editionibus‚]
1089 308 1222 344 eodem
1246 308 1431 345 tendunt.
1475 304 1584 359 [Qui

276 364 382 413 τούτῳ
404 365 482 400 huc
507 364 770 407 invexerunt,
792 365 837 399 ad
858 365 1027 400 verbum
1049 359 1084 403 ἦν
1107 364 1333 401 retulerant
1354 364 1461 400 hunc
1480 363 1584 400 dati-

277 433 396 456 vum:
419 419 567 456 rectius
588 430 679 454 vero
702 419 838 455 iuncta
862 419 1156 468 intelliguntur
1182 414 1419 470 {vnvm-[iem]
1448 420 1582 467 Quam

277 481 412 511 autem
430 475 576 511 vellem
590 501 599 518 ,
619 475 669 509 ab
689 474 751 510 his
771 475 845 510 ille
862 474 1099 511 vellicandis
1115 486 1283 510 manum
1303 474 1579 534 abstinuisset:

278 529 546 579 malignitatis
580 530 754 577 profecto
785 529 883 565 dum
919 531 1142 565 Herodotum
1181 535 1363 577 proterve
1396 529 1581 574 arcessit,

278 585 455 622 eiusdem
475 585 662 621 criminis
685 585 847 632 culpam
870 584 1056 623 sustinet.
1092 585 1338 621 Postulat-ne
1367 581 1582 632 παιδοκτόνῳ

278 640 365 678 eius
381 639 532 688 συμφορή
543 667 553 684 ‚
570 646 616 675 ut
632 639 865 676 Aminocles
880 637 1112 682 παιδοφονίας,
1127 639 1228 683 sive,
1244 641 1361 677 caedis
1379 640 1585 684 liberorum,

278 696 323 732 in
345 701 458 732 reatu
479 695 532 732 sit
545 702 559 731 Ρ
590 695 788 743 Equidem
802 723 811 741 ‚
831 695 904 732 etsi
924 694 1049 731 dictio
1069 706 1116 731 ex
1134 695 1324 744 ambiguo
1342 694 1503 744 aliquid
1523 694 1583 731 of-

279 751 378 796 fert,
399 764 479 787 non
504 750 660 798 opiner.
693 748 837 798 ’'Aque
861 749 1013 797 συμφορῆ
1036 747 1254 793 παιδοφόνος,
1277 753 1464 801 ingratam
1481 752 1584 786 cala-

279 809 439 843 mitatem
453 836 461 851 ,
487 806 616 842 liberos
645 807 882 850 occidentem,
907 805 1026 842 unice
1045 805 1260 853 exprimit3
1292 818 1394 855 quae
1414 805 1582 855 quidem

278 862 560 907 Amiuoclem7
597 861 754 909 alioqui
785 874 909 909 opum
941 861 1055 909 copia
1082 861 1362 906 fortunatum,
1393 861 1458 898 sed
1488 873 1580 897 casu

278 917 419 954 liberis
441 917 587 953 orbum
602 942 613 962 ‚
636 915 911 953 contristabat.
956 916 1107 953 Confer
1124 915 1322 953 vindicias
1345 918 1534 954 Herodoto
1558 928 1583 952 a

278 974 379 1010 Nob.
394 973 572 1009 Palmerio
585 976 758 1020 paratas,
779 975 914 1009 Exere.
934 971 979 1007 in
998 974 1065 1009 Gr.
1078 973 1244 1009 Auctor.
1259 985 1298 1020 p.
1317 973 1381 1020 37.
1395 972 1530 1011 WES
1541 971 1581 1008 S.

280 1049 330 1054 —
361 1028 598 1064 Plutarchum
619 1029 831 1064 Reiskius
857 1027 967 1075 (loco
985 1040 1006 1063 a
1030 1029 1155 1064 Valck.
1175 1025 1318 1079 citato)
1339 1032 1478 1064 contra
1495 1027 1584 1064 Pal-

279 1085 424 1120 merium
438 1084 627 1119 hactenus
638 1082 830 1128 defendit,
851 1095 931 1119 non
956 1088 1001 1118 ut
1021 1082 1289 1133 malignitatis
1305 1081 1580 1131 patrocinium

278 1138 484 1186 suscipiat,
500 1151 580 1187 qua
592 1138 773 1174 Herodoti
790 1138 862 1174 hac
883 1137 926 1173 in
945 1150 987 1173 re
999 1138 1346 1175 commemoranda
1361 1137 1583 1175 consilium

278 1194 573 1242 interpretatur
592 1193 879 1230 Chaeronensis
908 1193 1151 1240 Polyhistor;
1179 1193 1242 1230 sed
1275 1198 1321 1230 ut
1345 1192 1581 1238 contendat,

277 1254 382 1286 recte
405 1249 528 1285 illum
552 1249 862 1297 interpretatum
890 1260 968 1284 esse
988 1249 1226 1285 sententiam
1245 1249 1376 1285 verbis
1396 1248 1484 1286 istis
1506 1249 1584 1284 He-

279 1306 402 1341 rodoti
422 1302 546 1352 ἄχαρις
564 1302 715 1352 σινμφορ-,ἷ
736 1301 950 1347 παιδιφςνίκ,
974 1303 1056 1340 sive
1075 1303 1139 1352 (ut
1158 1303 1265 1352 apud
1285 1305 1384 1341 Plut.
1405 1299 1583 1354 legitur)

279 1357 506 1398 παιδοκτονία.
543 1361 652 1409 „Ego
675 1359 840 1408 quidem
855 1385 864 1403 ‚
887 1358 964 1403 ait,
986 1359 1128 1395 nullus
1155 1359 1299 1395 dubito
1327 1371 1374 1395 ex
1399 1360 1584 1396 Herodoti

280 1414 443 1461 „verbis
463 1415 537 1450 hoe
562 1414 734 1459 efficere,
761 1414 951 1451 liberorum
969 1417 1170 1451 Aminoclis
1191 1417 1342 1464 aliquem
1356 1417 1479 1464 patris
1506 1428 1584 1451 ma-

279 1496 303 1515 „
316 1469 434 1514 nibus,
463 1481 708 1518 quacunque
735 1469 898 1505 demum
927 1481 1061 1506 caussa
1087 1471 1151 1506 vel
1179 1469 1357 1515 ratione,
1381 1472 1545 1519 periisse.
1556 1470 1581 1490 “

277 1527 322 1562 In
343 1538 424 1573 quo
447 1525 613 1573 quidem
645 1524 850 1561 verissime
879 1524 1074 1561 iudicasse
1093 1525 1197 1561 mihi
1220 1525 1384 1561 videtur
1402 1525 1583 1574 Lipsien-

278 1580 330 1617 sis
352 1580 426 1616 ille
450 1580 550 1617 oiim
577 1586 808 1629 praeceptor
837 1592 970 1624 meus,
1000 1580 1079 1617 Vir
1109 1580 1288 1629 optimus
1311 1580 1584 1617 doctissimus-

279 1647 373 1685 que.
411 1636 605 1685 Quisquis
625 1636 725 1672 eitra
751 1635 1064 1683 praeindicatam
1085 1636 1320 1684 opinionem
1340 1637 1473 1673 Nostri
1494 1648 1584 1672 ver-

278 1692 326 1728 ba
348 1693 376 1727 Ι.
399 1700 471 1735 41,
494 1693 528 1729 5.
553 1692 646 1730 coll.
669 1704 761 1727 cuni
783 1694 811 1728 I.
836 1691 902 1735 55,
925 1704 960 1727 2.
981 1698 1019 1728 et
1040 1691 1116 1727 lin.
1138 1705 1182 1726 lo
1206 1705 1278 1740 seq.
1299 1691 1397 1727 item
1418 1693 1482 1728 111.
1509 1691 1584 1735 50,

283 1760 298 1782 1
322 1758 400 1795 seq.
424 1747 516 1782 coll.
539 1760 630 1783 cum
656 1760 688 1782 c.
712 1747 780 1787 52,
807 1747 865 1782 16.
888 1747 1217 1790 consideraverit,
1247 1746 1294 1782 de
1313 1746 1482 1783 veritate
1505 1747 1581 1782 hu-

278 1801 344 1838 ius
369 1802 715 1850 interpretationis
742 1803 909 1845 nullus,
936 1802 1291 1849 puto‚‹iuhitabit.
1318 1800 1363 1839 S.

389 1854 536 1896 CAP.
552 1855 722 1897 CA’CJ.
746 1853 801 1907 [7.
823 1855 951 1898 ἕντομοέ
972 1874 1007 1894 τε
1026 1855 1209 1906 ποιεῦντες)
1232 1858 1291 1893 De
1307 1856 1379 1893 ista
1401 1855 1585 1893 formula

277 1910 368 1948 vide
388 1912 436 1948 ad
457 1915 503 1949 Π.
526 1926 691 1963 119910.
712 1918 860 1949 notata.
890 1909 959 1962 5.]

336 1980 357 2013 7
371 1981 442 2017 seq.
463 1965 684 2011 καταείδοντες
701 1967 799 2016 γόῃσι
818 1969 868 2016 rai
886 1967 995 2016 οἷνέμῳ
1012 1969 1039 2005 οἷ
1054 1965 1192 2016 Μοέγοι)
1216 1967 1341 2005 Nulla
1360 1966 1403 2002 in
1425 1964 1580 2003 schedis

278 2022 463 2058 variatio.
492 2023 572 2070 Qui
591 2025 769 2060 morbosa
786 2023 880 2059 haec
896 2029 1061 2072 putant,
1077 2028 1150 2059 aut
1161 2021 1341 2070 γοκτκῗῃο-ι,
1353 2023 1580 2071 praestigiis,

278 2082 350 2112 aut
365 2079 486 2125 χοῇσι,
509 2078 758 2124 libationibus,
775 2091 1025 2127 quamquam
1044 2078 1301 2122 haesitantes,
1317 2076 1378 2113 uti
1401 2077 1580 2114 CLReis-

277 2131 458 2175 kius‚i11a
480 2134 682 2170 reficiunt.
714 2135 861 2171 Contra
880 2145 943 2178 ea,
960 2134 1068 2169 nihil
1090 2132 1307 2170 admodum
1327 2145 1495 2177 novans,
1511 2131 1577 2169 Cl.

278 2188 320 2223 de
341 2188 469 2232 Pamv,
497 2186 719 2231 κκταείδοντες
736 2187 834 2230 γόητι
862 2210 878 2216 -
896 2209 914 2216 -
933 2209 950 2216 -
980 2190 1007 2227 οἱ
1026 2186 1157 2231 μοέγσι,
1178 2191 1410 2225 incantantes
1434 2194 1579 2223 ventum

278 2256 355 2278 cum
371 2244 731 2292 praestigiatoribus,
747 2243 889 2288 vertit,
907 2244 978 2279 hoc
999 2257 1080 2279 uno
1099 2243 1263 2286 anxius5
1280 2243 1388 2291 quod
1410 2244 1508 2292 magi
1526 2243 1584 2278 ab·

275 2298 564 2334 incantatoribus
583 2298 906 2347 distinguantur:
932 2299 1020 2335 fieri
1048 2305 1178 2334 tamen
1202 2298 1396 2345 potuisse,
1419 2296 1579 2342 utini,

278 2352 387 2388 inter
401 2354 529 2390 Persas
546 2354 817 2390 honoratiores
828 2381 838 2393 ,
854 2355 928 2389 sub
943 2365 981 2389 se
995 2352 1121 2396 γένιτκς
1132 2379 1142 2396 ,
1161 2354 1320 2389 vilioris
1334 2351 1579 2389 conditionis

276 2407 473 2444 sacrificos
488 2435 498 2453 9
524 2409 755 2446 habuerint.
798 2408 911 2457 Quod
937 2409 1145 2457 equidem⁷
1166 2409 1237 2446 etsi
1259 2408 1499 2444 auctoritate
1517 2419 1580 2443 ca-

280 2474 387 2508 rens⁷
407 2476 487 2500 non
507 2463 661 2501 infitias
682 2465 769 2509 ib05
799 2464 987 2512 opinatus
1001 2491 1010 2509 ‚
1039 2476 1089 2501 ne
1117 2464 1226 2500 nihil
1253 2463 1400 2500 dixisse
1417 2462 1579 2507 videar,
