1718 2919
278 207 357 253 234
565 201 1315 242 ADNOTATIONES

337 316 375 353 4.
406 305 718 359 Κυναίγειρος)
748 309 812 346 Sic
832 310 1007 362 Aeschyli
1029 309 1193 346 fratrem
1218 309 1403 358 plerique
1428 308 1581 359 indige-

282 368 381 400 tant.
410 365 466 401 At
487 365 733 408 Κυνέγειρος
752 370 809 400 est
832 364 1186 429 (quemadmodum
1208 370 1246 401 et
1263 365 1412 401 schedis
1430 366 1525 402 Med.
1540 370 1580 401 et

281 415 426 469 Paris.)
448 419 588 467 poe'tis.
626 417 681 457 Ου’
698 436 732 457 σε
752 419 870 467 μα’καρ
894 421 1078 468 Κυνέγειρε,
1098 418 1158 457 τδν
1183 419 1224 462 αἷς
1240 421 1423 468 Κυνέγειρον
1444 417 1578 468 ἔγραψε

283 475 407 516 Φοῖσις,
427 475 585 512 Antlzol.
605 474 677 510 lib.
691 477 759 511 IV.
782 488 820 522 p.
834 475 925 519 453.
946 475 1015 510 ubi
1030 476 1230 511 Brodaeus.
1259 474 1489 516 Laudabist
1507 476 1583 526 (fy-

283 531 426 579 naegiri
450 530 616 566 audacia
639 542 660 565 a
681 532 822 566 Justino
853 530 927 566 lib.
953 531 999 566 ΙΙ.
1021 544 1057 580 9.
1090 532 1278 567 Polemone
1307 531 1377 566 Or.
1403 543 1434 569 ι.
1455 535 1578 578 atque

281 585 376 621 aliis
396 585 451 621 ita
477 585 684 635 pingitur,
707 590 892 633 utsupra
914 585 1031 622 fidem
1053 586 1168 635 longe
1187 585 1249 623 sit.
1285 584 1420 622 Fluxit
1436 596 1482 621 ex
1509 583 1584 620 sri-

281 641 372 678 vola
388 640 698 677 Atheniensium
722 646 760 676 et
777 640 1053 688 Sophistarum
1075 640 1284 685 iaetantia,
1303 640 1345 676 in
1363 639 1583 677 certamine

282 696 536 734 Marathonio
564 696 769 731 inmanem
791 695 834 731 in
858 696 1021 732 modum
1049 697 1286 732 exsultante.
1315 696 1498 735 WESS.
1529 715 1581 721 —

286 752 403 789 Conf.
427 751 552 788 Iacobs
572 751 619 787 ad
640 754 752 788 Anal.
774 752 838 787 Br.
855 754 897 787 Τ.
914 753 959 787 ll.
979 765 1015 799 p.
1036 765 1126 788 200·
1153 749 1199 789 S.

336 807 431 844 Ibid.
460 809 663 853 Κυναίγειρος
686 806 703 844 o‘
723 802 941 856 Ev’eoqloevog)
972 808 1170 858 Cynaegiri
1190 806 1336 842 militis
1355 805 1581 842 Athenien-

281 862 334 900 sis
355 862 506 898 rabiem
520 889 529 905 ,
551 861 743 898 Persicam
771 873 909 897 navem
938 875 1060 898 manu
1085 861 1296 898 retinentis
1310 888 1319 903 ,
1339 860 1580 908 explicatius

281 918 443 954 enarrat
463 918 621 954 Iustinus
649 919 694 953 ΙΙ.
717 931 752 967 9.
788 918 1013 954 Callimacho
1045 917 1143 965 quid
1175 916 1348 953 evenisse
1377 915 1581 952 diceretur

283 979 385 1010 tacet
400 974 626 1015 Herodotus,
647 973 826 1008 obortam
845 972 1000 1020 Epizelo
1017 972 1243 1009 coecitatem
1267 971 1423 1008 tradens
1444 984 1478 1007 c.
1492 984 1503 1006 ι
1520 984 1531 1006 1
1544 983 1584 1016 7.

282 1028 563 1077 Sophistarum
594 1027 767 1077 ingeniis
792 1029 1018 1064 exercendis
1045 1028 1318 1065 Callimachus
1349 1025 1583 1075 praesertim

281 1090 321 1121 et
342 1084 586 1133 Cynaegirus
617 1084 835 1132 praebuere
852 1083 1082 1120 materiam:
1108 1083 1210 1119 duae
1231 1081 1345 1118 nobis
1364 1086 1583 1130 supersunt

282 1141 485 1177 Polemonis
501 1138 698 1175 omtiones
713 1165 722 1182 ‚
745 1137 959 1186 utriusque
980 1138 1117 1174 laudes
1135 1137 1401 1174 decantantis:
1428 1137 1476 1173 de
1492 1137 1583 1174 Cal-

282 1195 458 1231 limacho
490 1207 568 1230 non
602 1193 809 1245 nominato
835 1193 918 1231 vid.
941 1195 1100 1231 Aristid.
1128 1193 1341 1230 Panathen.
1368 1194 1396 1229 1.
1428 1206 1468 1240 p.
1488 1193 1580 1228 216.

282 1251 500 1287 Scholiastes
530 1249 587 1285 ibi
614 1252 683 1287 Ms.
707 1255 745 1285 et
766 1249 978 1299 Cynaegiri
1010 1249 1166 1285 facinus
1186 1254 1368 1284 enarrat.
1393 1253 1431 1283 et
1453 1247 1582 1285 Calli-

285 1306 424 1342 macho
452 1305 551 1354 quid
576 1304 766 1341 evenerit.
807 1307 898 1340 Tres
925 1304 1017 1341 istos
1042 1304 1194 1352 patriae
1222 1304 1443 1339 defensores
1474 1314 1581 1352 egre-

285 1362 367 1411 gios
393 1366 616 1397 memorant
639 1363 788 1398 Aelian.
808 1359 856 1395 dc
880 1362 970 1397 Nat.
988 1361 1068 1396 An.
1087 1362 1175 1396 VII.
1198 1361 1261 1395 58.
1289 1361 1470 1395 Maximus
1490 1360 1583 1409 Tyr.

287 1420 339 1454 V.
357 1431 394 1466 ς).
411 1415 468 1457 viv
488 1417 698 1463 Κυνκιγείςῡυ
718 1419 834 1463 χεῖρα,
866 1417 924 1452 nx>
943 1413 1001 1453 τῆν
1021 1413 1215 1461 Πολυζήλου
1233 1413 1425 1461 suffr-&ofin
1454 1415 1513 1450 καὶ
1531 1412 1579 1450 ro&

287 1469 524 1516 Καλλιμάχου
541 1470 742 1518 mutinum:
771 1469 841 1506 ubi
862 1470 1000 1507 docuit
1014 1472 1182 1508 Davisius
1204 1468 1306 1505 alibi
1327 1479 1489 1516 quoque
1507 1469 1584 1504 He-

288 1528 408 1564 rodoti
427 1528 604 1575 Epizelum
631 1522 679 1575 [e.
704 1539 714 1560 1
732 1539 773 1572 17
789 1553 798 1570 ,
816 1522 874 1576 5.]
902 1525 1056 1562 dictum
1077 1524 1264 1571 Πολύξηλεν
1278 1550 1289 1565 ,
1310 1529 1348 1560 et
1369 1523 1579 1561 Plutarcho.

287 1582 434 1630 Epizeli
457 1583 541 1617 loco
557 1581 770 1618 Stesilaum
792 1581 975 1616 nominat
990 1594 1080 1617 cum
1099 1579 1303 1623 Miltiade,
1321 1578 1584 1619 Callimacho,

288 1644 326 1674 et
345 1637 563 1686 Cynegiro.
584 1639 728 1673 Tzetzes
750 1636 859 1673 Chil.
878 1639 905 1674 I.
929 1649 984 1673 vs.
1003 1637 1093 1683 867.
1131 1638 1266 1671 Unum
1287 1634 1335 1670 de
1352 1634 1485 1670 decem
1510 1633 1585 1669 du-

287 1693 401 1729 cibus
420 1695 609 1729 Stesilaum
634 1692 677 1727 in
704 1692 856 1740 praelio
881 1691 1064 1728 cecidisse
1089 1690 1274 1727 novimus
1299 1701 1345 1726 ex
1374 1690 1584 1733 Herodoto,-

289 1749 579 1797 plerorumque
608 1747 772 1783 nomina
801 1747 1068 1793 ignorantur.
1099 1758 1274 1794 quorum
1299 1744 1469 1794 gloriam
1490 1744 1586 1781 Mil-

292 1803 413 1840 tiades
436 1803 683 1847 obscuravit,
714 1802 785 1851 qui
815 1801 948 1845 δέκατος
978 1800 1084 1844 αότδς
1109 1798 1363 1848 orgum-micum
1391 1797 1510 1841 μόνος,
1543 1798 1584 1841 ὦς

289 1860 402 1903 εἰπεῖν,
425 1856 642 1903 ὀνομάζεται,
674 1860 731 1894 καὶ
750 1859 864 1895 τκῦτκ
881 1853 1076 1905 Ἀριστείδου
1094 1857 1154 1894 τοῦ
1174 1853 1379 1900 Λυσιμάχου
1400 1852 1580 1902 παρόντος,

293 1920 340 1950 ut
357 1913 499 1950 scribit
514 1915 672 1950 Aristid.
693 1915 734 1949 T.
754 1915 816 1949 ΙΙΙ.
847 1926 885 1961 p.
905 1912 997 1948 286.
1033 1911 1184 1949 Milites
1213 1909 1409 1959 gregarios
1435 1910 1587 1956 Cynae-

289 1969 425 2019 girum
449 1974 487 2004 et
506 1968 730 2016 Epizelum.
756 1968 837 2004 sive
858 1968 1078 2015 Polyzelum
1093 1993 1102 2011 ‚
1131 1966 1173 2001 in
1193 1966 1309 2002 duces
1328 1964 1585 2001 transforma·

288 2024 350 2061 vit
368 2024 440 2073 qui
467 2025 656 2060 Plutarchi
677 2036 820 2060 nomen
849 2023 1043 2060 mentitus
1061 2020 1257 2058 confinxit
1276 2022 1461 2057 Parazlela
1482 2030 1585 2068 quae

291 2086 432 2117 vocant
452 2081 615 2124 minora,
634 2082 676 2115 T.
698 2080 743 2115 ΙΙ.
767 2092 804 2127 p.
825 2079 916 2115 505.
942 2091 975 2115 c.
1000 2077 1155 2126 quique
1182 2087 1366 2124 magnam
1388 2073 1588 2111 mendacis

291 2134 426 2171 libelli
448 2140 599 2183 partem
614 2161 623 2178 ‚
654 2134 725 2170 ista
746 2145 927 2182 quoque.
954 2132 1163 2180 descripsit
1177 2131 1348 2167 Stobaeus
1371 2143 1407 2178 p.
1430 2142 1473 2179 91
1492 2156 1502 2173 ‚
1525 2141 1591 2166 ιι.

291 2193 455 2239 Propter
477 2196 532 2226 tot
555 2189 705 2238 egregia
726 2188 932 2226 vetustatis
953 2192 1213 2224 monumenta
1238 2185 1395 2222 credere
1422 2184 1590 2221 maluis-

292 2259 372 2283 sem
387 2272 397 2290 ,
417 2245 646 2282 Stobaeanis
668 2244 731 2280 hic
752 2244 843 2280 illic
867 2255 912 2279 ex
933 2244 1007 2279 isto
1032 2243 1152 2279 fuisse
1170 2241 1311 2277 libello
1331 2241 1381 2276 ab
1400 2239 1481 2276 alia
1504 2252 1587 2274 ma·-

293 2315 349 2338 nu
370 2301 592 2343 inculcata3
615 2300 677 2336 sed
701 2300 745 2335 in
762 2312 833 2336 suo
852 2298 1064 2347 Florilegio
1082 2297 1215 2334 eadem
1237 2296 1317 2332 iam
1340 2295 1476 2344 legisse
1491 2294 1588 2331 Pho-

292 2360 379 2393 tium
403 2362 628 2392 monstrant
643 2356 861 2404 Scriptores
878 2354 1014 2398 citati,
1032 2365 1207 2402 quorum
1229 2351 1394 2388 nomina
1415 2356 1453 2386 et
1468 2361 1587 2398 opera

292 2413 485 2462 pleraque
504 2411 625 2447 etiam
651 2411 787 2447 omnia
810 2412 900 2447 ficta
922 2415 1030 2446 sunt.
1062 2407 1219 2444 VALC
1235 2410 1281 2443 K.

349 2466 410 2517 {5.
439 2468 503 2504 τῶν
527 2465 731 2510 α’φλοέστων.
773 2465 878 2503 Vide
898 2465 1035 2513 Heynii
1057 2464 1221 2500 Observ.
1240 2462 1287 2499 ad
1306 2460 1420 2499 Iliad.
1443 2458 1478 2498 ὅ.
1496 2472 1515 2506 7
1528 2472 1588 2505 17.

294 2528 335 2559 et
351 2534 453 2572 quae
475 2535 568 2559 mox
582 2522 630 2559 ad
655 2534 688 2559 c.
710 2535 722 2558 1
737 2521 804 2566 15,
824 2534 860 2559 2.
881 2526 1080 2557 notamus.
1105 2514 1168 2568 5.]
