<?xml version="1.0" encoding="UTF-8"?>
<!DOCTYPE html PUBLIC "-//W3C//DTD XHTML 1.0 Transitional//EN"
    "http://www.w3.org/TR/xhtml1/DTD/xhtml1-transitional.dtd">
<html xmlns="http://www.w3.org/1999/xhtml" xml:lang="en" lang="en">
 <head>
  <title>
</title>
<meta http-equiv="Content-Type" content="text/html;charset=utf-8" />
  <meta name='ocr-system' content='tesseract 3.04.00' />
  <meta name='ocr-capabilities' content='ocr_page ocr_carea ocr_par ocr_line ocrx_word'/>
</head>
<body>
  <div class='ocr_page' id='page_1' title='image "./musaesivehistori06hero_0795.png"; bbox 0 0 1718 2919; ppageno 0'>
   <div class='ocr_carea' id='block_1_1' title="bbox 1301 149 1379 199">
    <p class='ocr_par' dir='ltr' id='par_1_1' title="bbox 1301 149 1379 199">
     <span class='ocr_line' id='line_1_1' title="bbox 1301 149 1379 199; baseline -0.013 -11"><span class='ocrx_word' id='word_1_1' title='bbox 1301 149 1379 199; x_wconf 81' lang='lat'><strong>359</strong></span> 
     </span>
    </p>
   </div>
   <div class='ocr_carea' id='block_1_2' title="bbox 752 240 1029 258">
    <p class='ocr_par' dir='ltr' id='par_1_2' title="bbox 752 240 1029 258">
     <span class='ocr_line' id='line_1_2' title="bbox 752 240 1029 258; baseline 0 0"><span class='ocrx_word' id='word_1_2' title='bbox 752 240 1029 258; x_wconf 95' lang='lat' dir='ltr'><strong> </strong></span> 
     </span>
    </p>
   </div>
   <div class='ocr_carea' id='block_1_3' title="bbox 1031 240 1380 260">
    <p class='ocr_par' dir='ltr' id='par_1_3' title="bbox 1031 240 1380 260">
     <span class='ocr_line' id='line_1_3' title="bbox 1031 240 1380 260; baseline 0 0"><span class='ocrx_word' id='word_1_3' title='bbox 1031 240 1380 260; x_wconf 95' lang='lat' dir='ltr'><strong> </strong></span> 
     </span>
    </p>
   </div>
   <div class='ocr_carea' id='block_1_4' title="bbox 94 261 749 276">
    <p class='ocr_par' dir='ltr' id='par_1_4' title="bbox 94 261 749 276">
     <span class='ocr_line' id='line_1_4' title="bbox 94 261 749 276; baseline 0 2643"><span class='ocrx_word' id='word_1_4' title='bbox 94 261 749 276; x_wconf 95' lang='lat' dir='ltr'><strong> </strong></span> 
     </span>
    </p>
   </div>
   <div class='ocr_carea' id='block_1_5' title="bbox 180 386 1281 525">
    <p class='ocr_par' dir='ltr' id='par_1_5' title="bbox 180 386 1281 525">
     <span class='ocr_line' id='line_1_5' title="bbox 180 386 1281 429; baseline -0.004 0"><span class='ocrx_word' id='word_1_5' title='bbox 180 389 586 429; x_wconf 87' lang='lat' dir='ltr'><strong>APPENDIX</strong></span> <span class='ocrx_word' id='word_1_6' title='bbox 635 386 1281 427; x_wconf 89' lang='lat' dir='ltr'><strong>ADNOTATIONUM</strong></span> 
     </span>
     <span class='ocr_line' id='line_1_6' title="bbox 456 481 1002 525; baseline -0.002 -1"><span class='ocrx_word' id='word_1_7' title='bbox 456 484 522 524; x_wconf 88' lang='lat' dir='ltr'><strong>ad</strong></span> <span class='ocrx_word' id='word_1_8' title='bbox 550 481 791 525; x_wconf 81' lang='lat' dir='ltr'><em>Herodoti</em></span> <span class='ocrx_word' id='word_1_9' title='bbox 823 483 1002 524; x_wconf 81' lang='lat' dir='ltr'><em>Musas.</em></span> 
     </span>
    </p>
   </div>
   <div class='ocr_carea' id='block_1_6' title="bbox 66 605 1390 2423">
    <p class='ocr_par' dir='ltr' id='par_1_6' title="bbox 74 605 1390 1592">
     <span class='ocr_line' id='line_1_7' title="bbox 84 605 1375 663; baseline -0.001 0"><span class='ocrx_word' id='word_1_10' title='bbox 84 605 411 663; x_wconf 73' lang='lat' dir='ltr'>ADNOTATIONES</span> <span class='ocrx_word' id='word_1_11' title='bbox 441 630 594 662; x_wconf 82' lang='lat' dir='ltr'><strong>nostrae</strong></span> <span class='ocrx_word' id='word_1_12' title='bbox 615 626 663 663; x_wconf 83' lang='lat' dir='ltr'><strong>ad</strong></span> <span class='ocrx_word' id='word_1_13' title='bbox 691 625 877 663; x_wconf 82' lang='lat' dir='ltr'><strong>Herodoti</strong></span> <span class='ocrx_word' id='word_1_14' title='bbox 904 628 1034 663; x_wconf 84' lang='lat' dir='ltr'>Musas</span> <span class='ocrx_word' id='word_1_15' title='bbox 1060 623 1142 660; x_wconf 89' lang='lat' dir='ltr'><strong>iam</strong></span> <span class='ocrx_word' id='word_1_16' title='bbox 1171 625 1220 660; x_wconf 81' lang='lat' dir='ltr'><strong>ad</strong></span> <span class='ocrx_word' id='word_1_17' title='bbox 1252 626 1375 662; x_wconf 86' lang='lat' dir='ltr'><strong>finem</strong></span> 
     </span>
     <span class='ocr_line' id='line_1_8' title="bbox 83 678 1377 729; baseline -0.002 -12"><span class='ocrx_word' id='word_1_18' title='bbox 83 686 200 717; x_wconf 81' lang='lat' dir='ltr'><strong>erant</strong></span> <span class='ocrx_word' id='word_1_19' title='bbox 220 682 450 728; x_wconf 84' lang='lat' dir='ltr'>perductae,</span> <span class='ocrx_word' id='word_1_20' title='bbox 479 682 660 729; x_wconf 83' lang='lat' dir='ltr'><strong>typisque</strong></span> <span class='ocrx_word' id='word_1_21' title='bbox 686 681 903 728; x_wconf 82' lang='lat' dir='ltr'><strong>descriptae</strong></span> <span class='ocrx_word' id='word_1_22' title='bbox 917 706 927 726; x_wconf 87' lang='lat'>,</span> <span class='ocrx_word' id='word_1_23' title='bbox 954 692 1084 728; x_wconf 88' lang='lat' dir='ltr'><strong>quum</strong></span> <span class='ocrx_word' id='word_1_24' title='bbox 1104 678 1185 716; x_wconf 87' lang='lat' dir='ltr'><strong>Vir</strong></span> <span class='ocrx_word' id='word_1_25' title='bbox 1203 680 1377 717; x_wconf 82' lang='lat' dir='ltr'><strong>clarissi-</strong></span> 
     </span>
     <span class='ocr_line' id='line_1_9' title="bbox 83 734 1374 783; baseline -0.001 -12"><span class='ocrx_word' id='word_1_26' title='bbox 83 746 177 771; x_wconf 81' lang='lat' dir='ltr'><strong>mus</strong></span> <span class='ocrx_word' id='word_1_27' title='bbox 208 737 234 771; x_wconf 91' lang='lat' dir='ltr'>F</span> <span class='ocrx_word' id='word_1_28' title='bbox 247 749 292 772; x_wconf 71' lang='lat' dir='ltr'><strong>nl</strong></span> <span class='ocrx_word' id='word_1_29' title='bbox 306 750 342 771; x_wconf 86' lang='lat' dir='ltr'><strong>n.</strong></span> <span class='ocrx_word' id='word_1_30' title='bbox 376 738 410 772; x_wconf 91' lang='lat' dir='ltr'>H</span> <span class='ocrx_word' id='word_1_31' title='bbox 424 750 480 772; x_wconf 70' lang='lat' dir='ltr'><strong>EN</strong></span> <span class='ocrx_word' id='word_1_32' title='bbox 495 750 531 772; x_wconf 73' lang='lat' dir='ltr'><strong>n.</strong></span> <span class='ocrx_word' id='word_1_33' title='bbox 558 737 651 773; x_wconf 84' lang='grc' dir='ltr'><strong>ΒοΤ</strong></span> <span class='ocrx_word' id='word_1_34' title='bbox 664 750 687 772; x_wconf 79' lang='grc' dir='ltr'><strong>Η</strong></span> <span class='ocrx_word' id='word_1_35' title='bbox 706 751 726 772; x_wconf 78' lang='grc' dir='ltr'>Ε</span> <span class='ocrx_word' id='word_1_36' title='bbox 759 735 891 783; x_wconf 88' lang='lat' dir='ltr'><strong>(idem</strong></span> <span class='ocrx_word' id='word_1_37' title='bbox 923 735 1038 771; x_wconf 89' lang='lat' dir='ltr'><strong>cuius</strong></span> <span class='ocrx_word' id='word_1_38' title='bbox 1070 734 1374 771; x_wconf 82' lang='lat' dir='ltr'><strong>Emendationes</strong></span> 
     </span>
     <span class='ocr_line' id='line_1_10' title="bbox 84 789 1373 838; baseline 0.001 -13"><span class='ocrx_word' id='word_1_39' title='bbox 84 790 305 825; x_wconf 87' lang='lat' dir='ltr'><strong>nonnullas</strong></span> <span class='ocrx_word' id='word_1_40' title='bbox 325 789 372 826; x_wconf 81' lang='lat' dir='ltr'><strong>ad</strong></span> <span class='ocrx_word' id='word_1_41' title='bbox 388 790 628 838; x_wconf 87' lang='lat' dir='ltr'><strong>Scriptorem</strong></span> <span class='ocrx_word' id='word_1_42' title='bbox 655 797 835 827; x_wconf 78' lang='lat' dir='ltr'><strong>nostrum</strong></span> <span class='ocrx_word' id='word_1_43' title='bbox 856 796 1094 838; x_wconf 78' lang='lat' dir='ltr'><strong>spectantes,</strong></span> <span class='ocrx_word' id='word_1_44' title='bbox 1114 801 1161 825; x_wconf 91' lang='lat' dir='ltr'><strong>ex</strong></span> <span class='ocrx_word' id='word_1_45' title='bbox 1185 789 1373 826; x_wconf 85' lang='lat' dir='ltr'><strong>Eiusdem</strong></span> 
     </span>
     <span class='ocr_line' id='line_1_11' title="bbox 85 844 1374 889; baseline 0 -9"><span class='ocrx_word' id='word_1_46' title='bbox 85 844 134 880; x_wconf 77' lang='lat' dir='ltr'><strong>ad</strong></span> <span class='ocrx_word' id='word_1_47' title='bbox 158 846 359 881; x_wconf 80' lang='lat' dir='ltr'><strong>Terentium</strong></span> <span class='ocrx_word' id='word_1_48' title='bbox 377 844 512 889; x_wconf 83' lang='lat' dir='ltr'><strong>Notis,</strong></span> <span class='ocrx_word' id='word_1_49' title='bbox 527 845 607 881; x_wconf 87' lang='lat' dir='ltr'><strong>iam</strong></span> <span class='ocrx_word' id='word_1_50' title='bbox 629 845 673 881; x_wconf 86' lang='lat' dir='ltr'><strong>in</strong></span> <span class='ocrx_word' id='word_1_51' title='bbox 694 845 1014 882; x_wconf 82' lang='lat' dir='ltr'><strong>Adnotationum</strong></span> <span class='ocrx_word' id='word_1_52' title='bbox 1036 849 1264 881; x_wconf 86' lang='lat' dir='ltr'><strong>nostrarum</strong></span> <span class='ocrx_word' id='word_1_53' title='bbox 1283 857 1374 881; x_wconf 90' lang='lat' dir='ltr'><strong>cur-</strong></span> 
     </span>
     <span class='ocr_line' id='line_1_12' title="bbox 84 899 1373 947; baseline 0.001 -12"><span class='ocrx_word' id='word_1_54' title='bbox 84 911 131 935; x_wconf 89' lang='lat' dir='ltr'><strong>su</strong></span> <span class='ocrx_word' id='word_1_55' title='bbox 162 899 492 947; x_wconf 81' lang='lat' dir='ltr'><strong>commemoravi)</strong></span> <span class='ocrx_word' id='word_1_56' title='bbox 519 899 631 936; x_wconf 87' lang='lat' dir='ltr'><strong>misit</strong></span> <span class='ocrx_word' id='word_1_57' title='bbox 656 900 704 936; x_wconf 84' lang='lat' dir='ltr'><strong>ad</strong></span> <span class='ocrx_word' id='word_1_58' title='bbox 737 912 801 936; x_wconf 86' lang='lat' dir='ltr'><strong>me</strong></span> <span class='ocrx_word' id='word_1_59' title='bbox 823 900 1287 938; x_wconf 64' lang='lat' dir='ltr'><strong>Animadversionem</strong></span> <span class='ocrx_word' id='word_1_60' title='bbox 1314 914 1334 936; x_wconf 90' lang='grc' dir='ltr'><em>α</em></span> <span class='ocrx_word' id='word_1_61' title='bbox 1351 901 1373 936; x_wconf 82' lang='lat' dir='ltr'><strong>d</strong></span> 
     </span>
     <span class='ocr_line' id='line_1_13' title="bbox 81 954 1370 1003; baseline 0 -13"><span class='ocrx_word' id='word_1_62' title='bbox 81 954 390 999; x_wconf 84' lang='lat' dir='ltr'><strong>Herodotum,</strong></span> <span class='ocrx_word' id='word_1_63' title='bbox 421 954 640 991; x_wconf 84' lang='lat' dir='ltr'><strong>Manhemii</strong></span> <span class='ocrx_word' id='word_1_64' title='bbox 674 955 910 1003; x_wconf 85' lang='lat' dir='ltr'>nuperrime</span> <span class='ocrx_word' id='word_1_65' title='bbox 938 954 1164 1003; x_wconf 77' lang='lat' dir='ltr'><strong>impressas,</strong></span> <span class='ocrx_word' id='word_1_66' title='bbox 1194 966 1297 1002; x_wconf 85' lang='lat' dir='ltr'><strong>quae</strong></span> <span class='ocrx_word' id='word_1_67' title='bbox 1328 954 1370 990; x_wconf 89' lang='lat' dir='ltr'><strong>in</strong></span> 
     </span>
     <span class='ocr_line' id='line_1_14' title="bbox 82 1008 1373 1057; baseline 0.001 -13"><span class='ocrx_word' id='word_1_68' title='bbox 82 1008 213 1055; x_wconf 88' lang='lat' dir='ltr'><strong>Ipsius</strong></span> <span class='ocrx_word' id='word_1_69' title='bbox 227 1010 413 1057; x_wconf 80' lang='lat' dir='ltr'><strong>Opusculis</strong></span> <span class='ocrx_word' id='word_1_70' title='bbox 430 1009 573 1046; x_wconf 83' lang='lat' dir='ltr'><strong>Criticis</strong></span> <span class='ocrx_word' id='word_1_71' title='bbox 587 1016 621 1046; x_wconf 78' lang='lat' dir='ltr'><strong>et</strong></span> <span class='ocrx_word' id='word_1_72' title='bbox 633 1011 804 1055; x_wconf 59' lang='lat' dir='ltr'><strong>Poeticis,</strong></span> <span class='ocrx_word' id='word_1_73' title='bbox 826 1010 897 1046; x_wconf 87' lang='lat' dir='ltr'><strong>hoc</strong></span> <span class='ocrx_word' id='word_1_74' title='bbox 908 1010 994 1057; x_wconf 85' lang='lat' dir='ltr'><strong>ipso</strong></span> <span class='ocrx_word' id='word_1_75' title='bbox 1005 1021 1111 1045; x_wconf 86' lang='lat' dir='ltr'><strong>anno</strong></span> <span class='ocrx_word' id='word_1_76' title='bbox 1126 1023 1168 1045; x_wconf 80' lang='lat' dir='ltr'><strong>M.</strong></span> <span class='ocrx_word' id='word_1_77' title='bbox 1178 1022 1279 1045; x_wconf 84' lang='lat' dir='ltr'><strong>neec.</strong></span> <span class='ocrx_word' id='word_1_78' title='bbox 1289 1022 1373 1048; x_wconf 68' lang='lat' dir='ltr'><strong>xvi.</strong></span> 
     </span>
     <span class='ocr_line' id='line_1_15' title="bbox 80 1063 1372 1112; baseline 0 -12"><span class='ocrx_word' id='word_1_79' title='bbox 80 1063 260 1100; x_wconf 80' lang='lat' dir='ltr'><strong>Bernlini</strong></span> <span class='ocrx_word' id='word_1_80' title='bbox 290 1063 335 1100; x_wconf 81' lang='lat' dir='ltr'><strong>in</strong></span> <span class='ocrx_word' id='word_1_81' title='bbox 363 1063 573 1111; x_wconf 83' lang='lat' dir='ltr'><strong>publicum</strong></span> <span class='ocrx_word' id='word_1_82' title='bbox 603 1064 850 1109; x_wconf 80' lang='lat' dir='ltr'><strong>emittendis,</strong></span> <span class='ocrx_word' id='word_1_83' title='bbox 878 1066 1058 1112; x_wconf 86' lang='lat' dir='ltr'><strong>primum</strong></span> <span class='ocrx_word' id='word_1_84' title='bbox 1092 1069 1289 1111; x_wconf 86' lang='lat' dir='ltr'><strong>occupant</strong></span> <span class='ocrx_word' id='word_1_85' title='bbox 1314 1065 1372 1100; x_wconf 88' lang='lat' dir='ltr'><strong>lo-</strong></span> 
     </span>
     <span class='ocr_line' id='line_1_16' title="bbox 81 1117 1372 1168; baseline 0.001 -14"><span class='ocrx_word' id='word_1_86' title='bbox 81 1129 189 1154; x_wconf 86' lang='lat' dir='ltr'><strong>cum.</strong></span> <span class='ocrx_word' id='word_1_87' title='bbox 217 1119 305 1166; x_wconf 84' lang='lat' dir='ltr'><strong>Quo</strong></span> <span class='ocrx_word' id='word_1_88' title='bbox 326 1118 368 1153; x_wconf 92' lang='lat' dir='ltr'><strong>in</strong></span> <span class='ocrx_word' id='word_1_89' title='bbox 387 1117 535 1166; x_wconf 83' lang='lat' dir='ltr'><strong>scripto</strong></span> <span class='ocrx_word' id='word_1_90' title='bbox 551 1132 679 1167; x_wconf 88' lang='lat' dir='ltr'><strong>quum</strong></span> <span class='ocrx_word' id='word_1_91' title='bbox 702 1119 782 1155; x_wconf 80' lang='lat' dir='ltr'><strong>alia</strong></span> <span class='ocrx_word' id='word_1_92' title='bbox 803 1120 933 1155; x_wconf 84' lang='lat' dir='ltr'><strong>multa</strong></span> <span class='ocrx_word' id='word_1_93' title='bbox 954 1124 993 1155; x_wconf 87' lang='lat' dir='ltr'><strong>et</strong></span> <span class='ocrx_word' id='word_1_94' title='bbox 1019 1117 1176 1155; x_wconf 86' lang='lat' dir='ltr'><strong>erudite</strong></span> <span class='ocrx_word' id='word_1_95' title='bbox 1199 1124 1238 1153; x_wconf 89' lang='lat' dir='ltr'><strong>et</strong></span> <span class='ocrx_word' id='word_1_96' title='bbox 1263 1118 1372 1168; x_wconf 86' lang='lat' dir='ltr'><strong>inge-</strong></span> 
     </span>
     <span class='ocr_line' id='line_1_17' title="bbox 81 1171 1369 1220; baseline 0 -11"><span class='ocrx_word' id='word_1_97' title='bbox 81 1171 192 1209; x_wconf 82' lang='lat' dir='ltr'><strong>niose</strong></span> <span class='ocrx_word' id='word_1_98' title='bbox 215 1173 415 1209; x_wconf 80' lang='lat' dir='ltr'><strong>observata</strong></span> <span class='ocrx_word' id='word_1_99' title='bbox 437 1178 508 1209; x_wconf 86' lang='lat' dir='ltr'><strong>aut</strong></span> <span class='ocrx_word' id='word_1_100' title='bbox 529 1173 744 1210; x_wconf 83' lang='lat' dir='ltr'><strong>coniectata</strong></span> <span class='ocrx_word' id='word_1_101' title='bbox 770 1174 934 1219; x_wconf 71' lang='lat' dir='ltr'><strong>insunt,</strong></span> <span class='ocrx_word' id='word_1_102' title='bbox 966 1179 1053 1210; x_wconf 87' lang='lat' dir='ltr'><strong>tum</strong></span> <span class='ocrx_word' id='word_1_103' title='bbox 1080 1172 1187 1209; x_wconf 86' lang='lat' dir='ltr'><strong>haud</strong></span> <span class='ocrx_word' id='word_1_104' title='bbox 1220 1185 1343 1220; x_wconf 64' lang='lat' dir='ltr'><strong>pauca</strong></span> <span class='ocrx_word' id='word_1_105' title='bbox 1360 1201 1369 1219; x_wconf 77' lang='lat'>‚</span> 
     </span>
     <span class='ocr_line' id='line_1_18' title="bbox 75 1226 1372 1277; baseline 0.001 -16"><span class='ocrx_word' id='word_1_106' title='bbox 75 1226 121 1262; x_wconf 84' lang='lat' dir='ltr'><strong>in</strong></span> <span class='ocrx_word' id='word_1_107' title='bbox 140 1227 289 1276; x_wconf 85' lang='lat' dir='ltr'><strong>quibus</strong></span> <span class='ocrx_word' id='word_1_108' title='bbox 308 1239 463 1264; x_wconf 85' lang='lat' dir='ltr'><strong>mecum</strong></span> <span class='ocrx_word' id='word_1_109' title='bbox 482 1228 717 1265; x_wconf 85' lang='lat' dir='ltr'><strong>sentientem</strong></span> <span class='ocrx_word' id='word_1_110' title='bbox 737 1229 872 1265; x_wconf 90' lang='lat' dir='ltr'><strong>videre</strong></span> <span class='ocrx_word' id='word_1_111' title='bbox 890 1228 1068 1277; x_wconf 83' lang='lat' dir='ltr'>gravisus</span> <span class='ocrx_word' id='word_1_112' title='bbox 1084 1240 1173 1264; x_wconf 87' lang='lat' dir='ltr'><strong>sum</strong></span> <span class='ocrx_word' id='word_1_113' title='bbox 1194 1227 1372 1264; x_wconf 86' lang='lat' dir='ltr'><strong>doctissi-</strong></span> 
     </span>
     <span class='ocr_line' id='line_1_19' title="bbox 74 1282 1369 1331; baseline 0.001 -13"><span class='ocrx_word' id='word_1_114' title='bbox 74 1293 191 1318; x_wconf 86' lang='lat' dir='ltr'><strong>mum</strong></span> <span class='ocrx_word' id='word_1_115' title='bbox 211 1282 377 1319; x_wconf 82' lang='lat' dir='ltr'><strong>Virum.</strong></span> <span class='ocrx_word' id='word_1_116' title='bbox 407 1284 560 1330; x_wconf 77' lang='lat' dir='ltr'><strong>Quare,</strong></span> <span class='ocrx_word' id='word_1_117' title='bbox 584 1283 858 1331; x_wconf 82' lang='lat' dir='ltr'><strong>praetermisso</strong></span> <span class='ocrx_word' id='word_1_118' title='bbox 879 1282 1043 1331; x_wconf 84' lang='lat' dir='ltr'><strong>quidem</strong></span> <span class='ocrx_word' id='word_1_119' title='bbox 1065 1283 1138 1318; x_wconf 85' lang='lat' dir='ltr'><strong>hoe</strong></span> <span class='ocrx_word' id='word_1_120' title='bbox 1154 1282 1369 1330; x_wconf 88' lang='lat' dir='ltr'><strong>posteriore</strong></span> 
     </span>
     <span class='ocr_line' id='line_1_20' title="bbox 76 1336 1370 1385; baseline 0.002 -13"><span class='ocrx_word' id='word_1_121' title='bbox 76 1348 238 1385; x_wconf 78' lang='lat' dir='ltr'><strong>genere,</strong></span> <span class='ocrx_word' id='word_1_122' title='bbox 262 1336 295 1374; x_wconf 83' lang='lat' dir='ltr'><strong>si</strong></span> <span class='ocrx_word' id='word_1_123' title='bbox 317 1348 365 1372; x_wconf 85' lang='lat' dir='ltr'><strong>ex</strong></span> <span class='ocrx_word' id='word_1_124' title='bbox 381 1343 625 1373; x_wconf 84' lang='lat' dir='ltr'><strong>caeterarum</strong></span> <span class='ocrx_word' id='word_1_125' title='bbox 647 1350 817 1374; x_wconf 88' lang='lat' dir='ltr'><strong>numero</strong></span> <span class='ocrx_word' id='word_1_126' title='bbox 832 1337 1240 1374; x_wconf 81' lang='lat' dir='ltr'><strong>Animadversionum</strong></span> <span class='ocrx_word' id='word_1_127' title='bbox 1258 1343 1370 1374; x_wconf 81' lang='lat' dir='ltr'><strong>nota·</strong></span> 
     </span>
     <span class='ocr_line' id='line_1_21' title="bbox 76 1390 1369 1441; baseline 0.001 -14"><span class='ocrx_word' id='word_1_128' title='bbox 76 1390 242 1427; x_wconf 84' lang='lat' dir='ltr'><strong>biliores</strong></span> <span class='ocrx_word' id='word_1_129' title='bbox 265 1391 478 1440; x_wconf 82' lang='lat' dir='ltr'><strong>quasdam,</strong></span> <span class='ocrx_word' id='word_1_130' title='bbox 506 1392 549 1427; x_wconf 91' lang='lat' dir='ltr'><strong>in</strong></span> <span class='ocrx_word' id='word_1_131' title='bbox 574 1392 732 1429; x_wconf 88' lang='lat' dir='ltr'><strong>brevius</strong></span> <span class='ocrx_word' id='word_1_132' title='bbox 757 1392 922 1441; x_wconf 83' lang='lat' dir='ltr'><strong>quidem</strong></span> <span class='ocrx_word' id='word_1_133' title='bbox 948 1397 1185 1436; x_wconf 74' lang='lat' dir='ltr'><strong>contractas,</strong></span> <span class='ocrx_word' id='word_1_134' title='bbox 1213 1392 1278 1428; x_wconf 83' lang='lat' dir='ltr'><strong>hic</strong></span> <span class='ocrx_word' id='word_1_135' title='bbox 1301 1393 1369 1428; x_wconf 86' lang='lat' dir='ltr'><strong>ad-</strong></span> 
     </span>
     <span class='ocr_line' id='line_1_22' title="bbox 78 1446 1368 1495; baseline 0.002 -14"><span class='ocrx_word' id='word_1_136' title='bbox 78 1457 246 1493; x_wconf 78' lang='lat' dir='ltr'><strong>posuero</strong></span> <span class='ocrx_word' id='word_1_137' title='bbox 259 1472 269 1490; x_wconf 81' lang='lat'>‚</span> <span class='ocrx_word' id='word_1_138' title='bbox 294 1452 332 1482; x_wconf 87' lang='lat' dir='ltr'><strong>et</strong></span> <span class='ocrx_word' id='word_1_139' title='bbox 351 1446 519 1495; x_wconf 82' lang='lat' dir='ltr'><strong>gratiam</strong></span> <span class='ocrx_word' id='word_1_140' title='bbox 542 1446 645 1483; x_wconf 88' lang='lat' dir='ltr'><strong>mihi</strong></span> <span class='ocrx_word' id='word_1_141' title='bbox 665 1447 773 1484; x_wconf 89' lang='lat' dir='ltr'><strong>visus</strong></span> <span class='ocrx_word' id='word_1_142' title='bbox 792 1460 880 1483; x_wconf 86' lang='lat' dir='ltr'><strong>sum</strong></span> <span class='ocrx_word' id='word_1_143' title='bbox 900 1447 1083 1484; x_wconf 82' lang='lat' dir='ltr'><strong>initurus</strong></span> <span class='ocrx_word' id='word_1_144' title='bbox 1103 1459 1124 1482; x_wconf 83' lang='lat' dir='ltr'>a</span> <span class='ocrx_word' id='word_1_145' title='bbox 1151 1446 1368 1483; x_wconf 86' lang='lat' dir='ltr'><strong>lectoribus</strong></span> 
     </span>
     <span class='ocr_line' id='line_1_23' title="bbox 77 1500 1367 1551; baseline 0.002 -15"><span class='ocrx_word' id='word_1_146' title='bbox 77 1500 203 1537; x_wconf 87' lang='lat' dir='ltr'><strong>nostri</strong></span> <span class='ocrx_word' id='word_1_147' title='bbox 224 1501 434 1546; x_wconf 77' lang='lat' dir='ltr'><strong>Herodoti,</strong></span> <span class='ocrx_word' id='word_1_148' title='bbox 461 1513 590 1550; x_wconf 90' lang='lat' dir='ltr'><strong>neque</strong></span> <span class='ocrx_word' id='word_1_149' title='bbox 607 1502 812 1551; x_wconf 85' lang='lat' dir='ltr'><strong>ingratum</strong></span> <span class='ocrx_word' id='word_1_150' title='bbox 842 1503 1022 1538; x_wconf 84' lang='lat' dir='ltr'><strong>facturus</strong></span> <span class='ocrx_word' id='word_1_151' title='bbox 1042 1501 1201 1538; x_wconf 83' lang='lat' dir='ltr'><strong>erudito</strong></span> <span class='ocrx_word' id='word_1_152' title='bbox 1221 1501 1367 1538; x_wconf 89' lang='lat' dir='ltr'><strong>Anim-</strong></span> 
     </span>
     <span class='ocr_line' id='line_1_24' title="bbox 76 1555 1390 1592; baseline -0.001 -1"><span class='ocrx_word' id='word_1_153' title='bbox 76 1555 289 1592; x_wconf 83' lang='lat' dir='ltr'><strong>adversori.</strong></span> <span class='ocrx_word' id='word_1_154' title='bbox 1349 1568 1390 1590; x_wconf 59' lang='lat' dir='ltr'><strong>f*</strong></span> 
     </span>
    </p>

    <p class='ocr_par' dir='ltr' id='par_1_7' title="bbox 71 1609 1366 1879">
     <span class='ocr_line' id='line_1_25' title="bbox 130 1609 1366 1659; baseline 0.001 -13"><span class='ocrx_word' id='word_1_155' title='bbox 130 1609 260 1659; x_wconf 86' lang='lat' dir='ltr'><strong>Igitur</strong></span> <span class='ocrx_word' id='word_1_156' title='bbox 285 1610 468 1646; x_wconf 88' lang='lat' dir='ltr'><strong>Herodoti</strong></span> <span class='ocrx_word' id='word_1_157' title='bbox 491 1611 597 1647; x_wconf 89' lang='lat' dir='ltr'><strong>libro</strong></span> <span class='ocrx_word' id='word_1_158' title='bbox 615 1613 642 1647; x_wconf 90' lang='grc' dir='ltr'><strong>Ι.</strong></span> <span class='ocrx_word' id='word_1_159' title='bbox 661 1623 744 1659; x_wconf 83' lang='lat' dir='ltr'><strong>cap.</strong></span> <span class='ocrx_word' id='word_1_160' title='bbox 771 1612 836 1656; x_wconf 79' lang='lat'><strong>58,</strong></span> <span class='ocrx_word' id='word_1_161' title='bbox 861 1625 895 1658; x_wconf 83' lang='lat'><strong>7.</strong></span> <span class='ocrx_word' id='word_1_162' title='bbox 922 1611 966 1646; x_wconf 91' lang='lat' dir='ltr'><strong>in</strong></span> <span class='ocrx_word' id='word_1_163' title='bbox 991 1611 1077 1647; x_wconf 88' lang='lat' dir='ltr'><strong>Ioco</strong></span> <span class='ocrx_word' id='word_1_164' title='bbox 1097 1616 1366 1656; x_wconf 83' lang='lat' dir='ltr'><strong>controverso,</strong></span> 
     </span>
     <span class='ocr_line' id='line_1_26' title="bbox 75 1662 1364 1713; baseline 0.002 -13"><span class='ocrx_word' id='word_1_165' title='bbox 75 1664 146 1700; x_wconf 88' lang='lat' dir='ltr'><strong>ubi</strong></span> <span class='ocrx_word' id='word_1_166' title='bbox 166 1665 352 1713; x_wconf 84' lang='lat' dir='ltr'><strong>equidem</strong></span> <span class='ocrx_word' id='word_1_167' title='bbox 372 1671 542 1702; x_wconf 83' lang='lat' dir='ltr'><strong>veterem</strong></span> <span class='ocrx_word' id='word_1_168' title='bbox 562 1665 774 1702; x_wconf 89' lang='lat' dir='ltr'><strong>lectionem</strong></span> <span class='ocrx_word' id='word_1_169' title='bbox 795 1664 842 1709; x_wconf 75' lang='grc' dir='ltr'><strong>ὥς</strong></span> <span class='ocrx_word' id='word_1_170' title='bbox 861 1663 897 1706; x_wconf 58' lang='grc' dir='ltr'><strong>δὴ</strong></span> <span class='ocrx_word' id='word_1_171' title='bbox 926 1662 967 1703; x_wconf 67' lang='grc' dir='ltr'><strong>ὧν</strong></span> <span class='ocrx_word' id='word_1_172' title='bbox 986 1665 1187 1710; x_wconf 83' lang='lat' dir='ltr'><strong>revocavi,</strong></span> <span class='ocrx_word' id='word_1_173' title='bbox 1211 1666 1364 1702; x_wconf 83' lang='lat' dir='ltr'><strong>Bothius</strong></span> 
     </span>
     <span class='ocr_line' id='line_1_27' title="bbox 75 1717 1364 1769; baseline 0.002 -14"><span class='ocrx_word' id='word_1_174' title='bbox 75 1717 178 1767; x_wconf 69' lang='grc' dir='ltr'><strong>πρδς</strong></span> <span class='ocrx_word' id='word_1_175' title='bbox 198 1717 234 1758; x_wconf 66' lang='grc' dir='ltr'><em>δῆ</em></span> <span class='ocrx_word' id='word_1_176' title='bbox 253 1720 334 1756; x_wconf 70' lang='grc' dir='ltr'><strong>τῶν</strong></span> <span class='ocrx_word' id='word_1_177' title='bbox 353 1720 471 1769; x_wconf 85' lang='lat' dir='ltr'><strong>legit,</strong></span> <span class='ocrx_word' id='word_1_178' title='bbox 491 1726 530 1756; x_wconf 91' lang='lat' dir='ltr'><strong>et</strong></span> <span class='ocrx_word' id='word_1_179' title='bbox 548 1720 640 1756; x_wconf 89' lang='lat' dir='ltr'><strong>dein</strong></span> <span class='ocrx_word' id='word_1_180' title='bbox 663 1721 735 1762; x_wconf 81' lang='grc' dir='ltr'>ἐμοί</span> <span class='ocrx_word' id='word_1_181' title='bbox 750 1736 808 1765; x_wconf 65' lang='grc' dir='ltr'><strong>γε,</strong></span> <span class='ocrx_word' id='word_1_182' title='bbox 827 1721 928 1757; x_wconf 89' lang='lat' dir='ltr'>hanc</span> <span class='ocrx_word' id='word_1_183' title='bbox 946 1721 989 1756; x_wconf 90' lang='lat' dir='ltr'><strong>in</strong></span> <span class='ocrx_word' id='word_1_184' title='bbox 1009 1720 1247 1756; x_wconf 84' lang='lat' dir='ltr'><strong>sententiam</strong></span> <span class='ocrx_word' id='word_1_185' title='bbox 1262 1746 1272 1764; x_wconf 79' lang='lat'>‚</span> <span class='ocrx_word' id='word_1_186' title='bbox 1293 1722 1364 1757; x_wconf 84' lang='lat' dir='ltr'><strong>His</strong></span> 
     </span>
     <span class='ocr_line' id='line_1_28' title="bbox 74 1769 1366 1824; baseline 0.002 -15"><span class='ocrx_word' id='word_1_187' title='bbox 74 1787 158 1810; x_wconf 75' lang='lat' dir='ltr'><strong>vero</strong></span> <span class='ocrx_word' id='word_1_188' title='bbox 185 1769 310 1824; x_wconf 83' lang='lat' dir='ltr'><strong>(aliis</strong></span> <span class='ocrx_word' id='word_1_189' title='bbox 337 1776 498 1822; x_wconf 84' lang='lat' dir='ltr'><strong>populis</strong></span> <span class='ocrx_word' id='word_1_190' title='bbox 523 1771 734 1824; x_wconf 82' lang='lat' dir='ltr'><strong>barbaris)</strong></span> <span class='ocrx_word' id='word_1_191' title='bbox 769 1781 844 1812; x_wconf 78' lang='lat' dir='ltr'><strong>&#39;non</strong></span> <span class='ocrx_word' id='word_1_192' title='bbox 870 1789 1085 1824; x_wconf 81' lang='lat' dir='ltr'><strong>magnopere</strong></span> <span class='ocrx_word' id='word_1_193' title='bbox 1108 1777 1205 1811; x_wconf 82' lang='lat' dir='ltr'><strong>aucti</strong></span> <span class='ocrx_word' id='word_1_194' title='bbox 1231 1789 1279 1811; x_wconf 69' lang='lat' dir='ltr'><strong>ne</strong></span> <span class='ocrx_word' id='word_1_195' title='bbox 1297 1776 1366 1824; x_wconf 76' lang='lat' dir='ltr'><strong>ipsi</strong></span> 
     </span>
     <span class='ocr_line' id='line_1_29' title="bbox 71 1829 1173 1879; baseline 0.002 -15"><span class='ocrx_word' id='word_1_196' title='bbox 71 1829 210 1878; x_wconf 69' lang='lat' dir='ltr'><strong>quidem</strong></span> <span class='ocrx_word' id='word_1_197' title='bbox 229 1829 316 1864; x_wconf 82' lang='lat' dir='ltr'><strong>mihi</strong></span> <span class='ocrx_word' id='word_1_198' title='bbox 336 1831 501 1866; x_wconf 79' lang='lat' dir='ltr'><strong>videntur</strong></span> <span class='ocrx_word' id='word_1_199' title='bbox 516 1831 679 1879; x_wconf 81' lang='lat' dir='ltr'><strong>Pelasgi,</strong></span> <span class='ocrx_word' id='word_1_200' title='bbox 717 1831 872 1879; x_wconf 74' lang='lat' dir='ltr'><strong>quamuis</strong></span> <span class='ocrx_word' id='word_1_201' title='bbox 892 1843 980 1879; x_wconf 77' lang='lat' dir='ltr'><strong>gens</strong></span> <span class='ocrx_word' id='word_1_202' title='bbox 1006 1830 1173 1866; x_wconf 83' lang='lat' dir='ltr'><strong>barbara.</strong></span> 
     </span>
    </p>

    <p class='ocr_par' dir='ltr' id='par_1_8' title="bbox 71 1883 1363 2095">
     <span class='ocr_line' id='line_1_30' title="bbox 131 1883 1363 1933; baseline 0.001 -14"><span class='ocrx_word' id='word_1_203' title='bbox 131 1884 160 1919; x_wconf 92' lang='grc' dir='ltr'><strong>Ι.</strong></span> <span class='ocrx_word' id='word_1_204' title='bbox 182 1884 230 1919; x_wconf 81' lang='lat'><strong>68</strong></span> <span class='ocrx_word' id='word_1_205' title='bbox 245 1910 254 1928; x_wconf 87' lang='lat'>‚</span> <span class='ocrx_word' id='word_1_206' title='bbox 280 1896 339 1933; x_wconf 82' lang='lat'><strong>¹9·</strong></span> <span class='ocrx_word' id='word_1_207' title='bbox 365 1886 501 1932; x_wconf 88' lang='lat' dir='ltr'><strong>Inepte</strong></span> <span class='ocrx_word' id='word_1_208' title='bbox 519 1884 595 1933; x_wconf 86' lang='lat' dir='ltr'><strong>legi</strong></span> <span class='ocrx_word' id='word_1_209' title='bbox 616 1885 778 1921; x_wconf 84' lang='lat' dir='ltr'><strong>videtur</strong></span> <span class='ocrx_word' id='word_1_210' title='bbox 792 1885 926 1921; x_wconf 80' lang='lat' dir='ltr'><strong>Bolhio</strong></span> <span class='ocrx_word' id='word_1_211' title='bbox 948 1883 1006 1922; x_wconf 78' lang='grc' dir='ltr'><strong>τόν</strong></span> <span class='ocrx_word' id='word_1_212' title='bbox 1023 1900 1065 1922; x_wconf 83' lang='grc' dir='ltr'><strong>τε</strong></span> <span class='ocrx_word' id='word_1_213' title='bbox 1085 1883 1188 1921; x_wconf 77' lang='grc' dir='ltr'><strong><em>τύπον</em></strong></span> <span class='ocrx_word' id='word_1_214' title='bbox 1211 1886 1286 1920; x_wconf 75' lang='grc' dir='ltr'><strong>καὶ</strong></span> <span class='ocrx_word' id='word_1_215' title='bbox 1306 1883 1363 1922; x_wconf 67' lang='grc' dir='ltr'><strong>τόν</strong></span> 
     </span>
     <span class='ocr_line' id='line_1_31' title="bbox 75 1936 1363 1987; baseline 0.001 -12"><span class='ocrx_word' id='word_1_216' title='bbox 75 1937 283 1982; x_wconf 68' lang='grc' dir='ltr'><strong><em>ἀντίτυπον,</em></strong></span> <span class='ocrx_word' id='word_1_217' title='bbox 313 1938 454 1982; x_wconf 69' lang='lat' dir='ltr'><strong>deletis</strong></span> <span class='ocrx_word' id='word_1_218' title='bbox 478 1939 835 1976; x_wconf 87' lang='lat' dir='ltr'><strong>coniunctionibus</strong></span> <span class='ocrx_word' id='word_1_219' title='bbox 862 1939 1082 1987; x_wconf 86' lang='lat' dir='ltr'><strong>oportuisse</strong></span> <span class='ocrx_word' id='word_1_220' title='bbox 1109 1937 1166 1976; x_wconf 74' lang='grc' dir='ltr'><strong>τᾶν</strong></span> <span class='ocrx_word' id='word_1_221' title='bbox 1183 1936 1287 1975; x_wconf 73' lang='grc' dir='ltr'><strong><em>τύπον</em></strong></span> <span class='ocrx_word' id='word_1_222' title='bbox 1305 1938 1363 1976; x_wconf 68' lang='grc' dir='ltr'><strong>τᾶν</strong></span> 
     </span>
     <span class='ocr_line' id='line_1_32' title="bbox 74 1991 1360 2034; baseline -0.001 -5"><span class='ocrx_word' id='word_1_223' title='bbox 74 1991 273 2034; x_wconf 74' lang='grc' dir='ltr'><strong><em>οἷντίτυπονς</em></strong></span> <span class='ocrx_word' id='word_1_224' title='bbox 293 1993 535 2030; x_wconf 86' lang='lat' dir='ltr'><strong>adiectivum</strong></span> <span class='ocrx_word' id='word_1_225' title='bbox 554 1994 664 2030; x_wconf 87' lang='lat' dir='ltr'><strong>enim</strong></span> <span class='ocrx_word' id='word_1_226' title='bbox 689 2006 835 2030; x_wconf 86' lang='lat' dir='ltr'><strong>nomen</strong></span> <span class='ocrx_word' id='word_1_227' title='bbox 859 2005 938 2030; x_wconf 90' lang='lat' dir='ltr'><strong>esse</strong></span> <span class='ocrx_word' id='word_1_228' title='bbox 962 1992 1159 2034; x_wconf 63' lang='grc' dir='ltr'><strong><em>ἀντίτυπον,</em></strong></span> <span class='ocrx_word' id='word_1_229' title='bbox 1191 1991 1297 2028; x_wconf 84' lang='lat' dir='ltr'><strong>sicut</strong></span> <span class='ocrx_word' id='word_1_230' title='bbox 1316 1993 1360 2028; x_wconf 92' lang='lat' dir='ltr'><strong>in</strong></span> 
     </span>
     <span class='ocr_line' id='line_1_33' title="bbox 71 2047 882 2095; baseline 0.002 -13"><span class='ocrx_word' id='word_1_231' title='bbox 71 2047 235 2082; x_wconf 84' lang='lat' dir='ltr'><strong>oraculo</strong></span> <span class='ocrx_word' id='word_1_232' title='bbox 252 2059 284 2083; x_wconf 88' lang='lat' dir='ltr'><strong>c.</strong></span> <span class='ocrx_word' id='word_1_233' title='bbox 304 2049 351 2094; x_wconf 82' lang='lat'><strong>67</strong></span> <span class='ocrx_word' id='word_1_234' title='bbox 365 2074 375 2092; x_wconf 87' lang='lat'>‚</span> <span class='ocrx_word' id='word_1_235' title='bbox 402 2061 414 2084; x_wconf 89' lang='lat'>1</span> <span class='ocrx_word' id='word_1_236' title='bbox 426 2061 461 2095; x_wconf 91' lang='lat'><strong>7.</strong></span> <span class='ocrx_word' id='word_1_237' title='bbox 483 2049 555 2084; x_wconf 54' lang='lat' dir='ltr'><strong>ubi&lt;</strong></span> <span class='ocrx_word' id='word_1_238' title='bbox 573 2048 676 2091; x_wconf 70' lang='grc' dir='ltr'><em>τύπος</em></span> <span class='ocrx_word' id='word_1_239' title='bbox 694 2047 882 2091; x_wconf 65' lang='grc' dir='ltr'><strong><em>ἀντίτυπος.</em></strong></span> 
     </span>
    </p>

    <p class='ocr_par' dir='ltr' id='par_1_9' title="bbox 69 2100 1359 2207">
     <span class='ocr_line' id='line_1_34' title="bbox 124 2100 1359 2153; baseline -0.001 -16"><span class='ocrx_word' id='word_1_240' title='bbox 124 2103 189 2137; x_wconf 90' lang='lat'>111.</span> <span class='ocrx_word' id='word_1_241' title='bbox 212 2114 284 2153; x_wconf 84' lang='lat'><strong>109</strong></span> <span class='ocrx_word' id='word_1_242' title='bbox 299 2128 309 2147; x_wconf 88' lang='lat'>‚</span> <span class='ocrx_word' id='word_1_243' title='bbox 335 2104 394 2139; x_wconf 78' lang='lat'><strong>16.</strong></span> <span class='ocrx_word' id='word_1_244' title='bbox 420 2105 480 2140; x_wconf 76' lang='grc' dir='ltr'><strong>καὶ</strong></span> <span class='ocrx_word' id='word_1_245' title='bbox 497 2100 631 2151; x_wconf 61' lang='grc' dir='ltr'><em>οὐδαμῇ</em></span> <span class='ocrx_word' id='word_1_246' title='bbox 651 2100 742 2151; x_wconf 74' lang='grc' dir='ltr'>οἵλλῃ</span> <span class='ocrx_word' id='word_1_247' title='bbox 763 2101 783 2143; x_wconf 72' lang='lat' dir='ltr'><strong>r&#39;?</strong></span> <span class='ocrx_word' id='word_1_248' title='bbox 803 2101 899 2140; x_wconf 70' lang='grc' dir='ltr'><em>κοινοὶ</em></span> <span class='ocrx_word' id='word_1_249' title='bbox 917 2103 1014 2140; x_wconf 66' lang='grc' dir='ltr'><strong>τοῦτο</strong></span> <span class='ocrx_word' id='word_1_250' title='bbox 1034 2101 1246 2151; x_wconf 87' lang='lat' dir='ltr'><strong>legend-um·</strong></span> <span class='ocrx_word' id='word_1_251' title='bbox 1271 2113 1359 2137; x_wconf 87' lang='lat' dir='ltr'><strong>cen-</strong></span> 
     </span>
     <span class='ocr_line' id='line_1_35' title="bbox 69 2158 668 2207; baseline 0.005 -16"><span class='ocrx_word' id='word_1_252' title='bbox 69 2160 143 2200; x_wconf 83' lang='lat' dir='ltr'><strong>set,</strong></span> <span class='ocrx_word' id='word_1_253' title='bbox 165 2170 336 2205; x_wconf 81' lang='lat' dir='ltr'><strong>nusquam</strong></span> <span class='ocrx_word' id='word_1_254' title='bbox 352 2158 439 2194; x_wconf 80' lang='lat' dir='ltr'><em>alibi</em></span> <span class='ocrx_word' id='word_1_255' title='bbox 457 2171 560 2207; x_wconf 78' lang='lat' dir='ltr'><strong>quam</strong></span> <span class='ocrx_word' id='word_1_256' title='bbox 581 2160 668 2194; x_wconf 80' lang='lat' dir='ltr'><em>illic.</em></span> 
     </span>
    </p>

    <p class='ocr_par' dir='ltr' id='par_1_10' title="bbox 66 2208 1357 2423">
     <span class='ocr_line' id='line_1_36' title="bbox 124 2208 1357 2257; baseline -0.003 -10"><span class='ocrx_word' id='word_1_257' title='bbox 124 2210 229 2247; x_wconf 90' lang='lat' dir='ltr'><strong>Male</strong></span> <span class='ocrx_word' id='word_1_258' title='bbox 256 2211 457 2248; x_wconf 81' lang='lat' dir='ltr'><strong>adfectum</strong></span> <span class='ocrx_word' id='word_1_259' title='bbox 484 2213 620 2249; x_wconf 89' lang='lat' dir='ltr'><strong>locum</strong></span> <span class='ocrx_word' id='word_1_260' title='bbox 641 2215 693 2249; x_wconf 82' lang='lat' dir='ltr'><strong>V.</strong></span> <span class='ocrx_word' id='word_1_261' title='bbox 720 2225 782 2257; x_wconf 90' lang='lat'><strong>27.</strong></span> <span class='ocrx_word' id='word_1_262' title='bbox 802 2211 859 2248; x_wconf 80' lang='lat' dir='ltr'><strong>ita</strong></span> <span class='ocrx_word' id='word_1_263' title='bbox 885 2210 1107 2247; x_wconf 85' lang='lat' dir='ltr'><strong>sanandum</strong></span> <span class='ocrx_word' id='word_1_264' title='bbox 1132 2208 1357 2252; x_wconf 68' lang='lat' dir='ltr'><strong>existimat,</strong></span> 
     </span>
     <span class='ocr_line' id='line_1_37' title="bbox 73 2263 1357 2316; baseline -0.002 -16"><span class='ocrx_word' id='word_1_265' title='bbox 73 2270 120 2301; x_wconf 86' lang='lat' dir='ltr'><strong>ut</strong></span> <span class='ocrx_word' id='word_1_266' title='bbox 139 2267 204 2302; x_wconf 81' lang='lat' dir='ltr'><strong>lin.</strong></span> <span class='ocrx_word' id='word_1_267' title='bbox 227 2266 264 2301; x_wconf 89' lang='lat'><strong>6.</strong></span> <span class='ocrx_word' id='word_1_268' title='bbox 289 2267 445 2316; x_wconf 85' lang='lat' dir='ltr'><strong>legatur</strong></span> <span class='ocrx_word' id='word_1_269' title='bbox 469 2267 651 2310; x_wconf 78' lang='grc' dir='ltr'><strong><em>Αἰτίους</em></strong></span> <span class='ocrx_word' id='word_1_270' title='bbox 667 2263 698 2304; x_wconf 76' lang='grc' dir='ltr'><strong>δὲ</strong></span> <span class='ocrx_word' id='word_1_271' title='bbox 722 2265 838 2304; x_wconf 76' lang='grc' dir='ltr'>τούτου</span> <span class='ocrx_word' id='word_1_272' title='bbox 862 2263 932 2307; x_wconf 68' lang='grc' dir='ltr'><strong>ἤδη</strong></span> <span class='ocrx_word' id='word_1_273' title='bbox 958 2263 1089 2308; x_wconf 65' lang='grc' dir='ltr'><strong><em>πάντας</em></strong></span> <span class='ocrx_word' id='word_1_274' title='bbox 1114 2271 1181 2300; x_wconf 83' lang='lat' dir='ltr'><strong>etc.</strong></span> <span class='ocrx_word' id='word_1_275' title='bbox 1204 2264 1357 2310; x_wconf 86' lang='lat' dir='ltr'><strong>istaque</strong></span> 
     </span>
     <span class='ocr_line' id='line_1_38' title="bbox 69 2318 1355 2369; baseline 0 -15"><span class='ocrx_word' id='word_1_276' title='bbox 69 2319 223 2364; x_wconf 79' lang='lat' dir='ltr'><strong>omnia,</strong></span> <span class='ocrx_word' id='word_1_277' title='bbox 239 2332 366 2369; x_wconf 85' lang='lat' dir='ltr'><strong>usque</strong></span> <span class='ocrx_word' id='word_1_278' title='bbox 383 2319 633 2369; x_wconf 62' lang='grc' dir='ltr'><strong>στρατηγήσας,</strong></span> <span class='ocrx_word' id='word_1_279' title='bbox 651 2321 832 2368; x_wconf 82' lang='lat' dir='ltr'><strong>proxime</strong></span> <span class='ocrx_word' id='word_1_280' title='bbox 848 2319 1121 2357; x_wconf 86' lang='lat' dir='ltr'><strong>subiiciantur</strong></span> <span class='ocrx_word' id='word_1_281' title='bbox 1137 2318 1222 2353; x_wconf 88' lang='lat' dir='ltr'><strong>illis</strong></span> <span class='ocrx_word' id='word_1_282' title='bbox 1237 2321 1302 2355; x_wconf 82' lang='lat' dir='ltr'><strong>lin.</strong></span> <span class='ocrx_word' id='word_1_283' title='bbox 1320 2330 1355 2354; x_wconf 82' lang='lat'><strong>2.</strong></span> 
     </span>
     <span class='ocr_line' id='line_1_39' title="bbox 66 2372 518 2423; baseline 0.004 -14"><span class='ocrx_word' id='word_1_284' title='bbox 66 2372 135 2411; x_wconf 57' lang='lat' dir='ltr'><strong>02²2ae</strong></span> <span class='ocrx_word' id='word_1_285' title='bbox 157 2372 271 2423; x_wconf 70' lang='grc' dir='ltr'><em>χρόνον</em></span> <span class='ocrx_word' id='word_1_286' title='bbox 297 2375 518 2416; x_wconf 71' lang='grc' dir='ltr'><strong>ἐκακώθησαν.</strong></span> 
     </span>
    </p>
   </div>
  </div>
 </body>
</html>
