1718 2919
284 245 379 284 An
423 243 831 284 HERODOT.
875 243 1154 295 v1.91-96.
1296 246 1373 286 ωε

80 361 147 391 ne3
170 350 247 396 filii
285 359 430 383 nomen
457 347 601 383 deinde
634 347 805 384 accessit.
853 350 976 385 Error
1002 347 1298 397 cognitissimus
1326 359 1374 384 ex

76 404 151 440 lib.
168 406 234 440 IX.
255 410 318 447 74.
349 406 402 440 W
416 403 480 439 ES
493 403 532 439 S.

173 455 331 507 ἡ(ῙιίΙᾸ).
351 454 536 496 XCIV.
565 453 621 507 [2.
642 455 952 501 ἀναμιμνήσκοντός
968 473 1002 495 τε
1023 456 1074 494 οἷεὶ
1095 458 1156 495 τοῦ
1168 455 1368 507 θεράποντος

76 508 175 562 etc.)
201 511 299 549 Redi
320 512 369 547 ad
390 512 462 548 lib.
483 516 535 550 V.
555 524 587 548 c.
608 512 695 548 105.
723 509 783 559 5.]

134 580 196 603 11.
226 566 517 615 Ἀρταφέρνεοι
551 564 608 604 τᾶν
637 562 893 616 Ἀρταφέρνης)
930 566 1114 603 Tentavit
1149 565 1263 602 ducis
1300 579 1370 602 no·

75 634 170 659 men
186 623 287 660 Nob.
303 622 499 658 Palmerius
517 620 686 658 Exercit.
707 634 744 668 p.
762 622 824 657 28.
847 622 897 656 ob
914 620 1245 657 Arundelianum
1265 634 1371 657 mar-

76 689 188 722 mor,
215 682 448 714 APIENTEA
476 688 523 711 ex
549 677 688 712 Seldeni
715 675 932 725 scriptione
959 681 1172 713 ostentans.
1198 675 1258 712 Ibi
1276 687 1368 712 vero

76 732 250 768 fractum
270 736 308 766 et
326 742 484 766 exesum
503 730 611 766 illud
640 736 745 775 erat,
765 730 990 779 ductusque
1009 730 1239 767 litterarum
1258 730 1371 779 agni-

77 790 123 823 tu
143 785 348 822 difficiles:
372 786 476 821 unde
495 785 794 822 sollertissimus
807 786 988 834 Humphr.
1004 786 1184 822 Prideaua:
1197 785 1245 821 ad
1260 785 1367 821 illud

77 841 227 878 Chron.
242 843 384 878 Marm.
408 853 493 890 pag.
510 854 601 887 217.
629 845 929 878 ΑΡΤΑΦΕΡΝΕΑ
955 841 1093 885 fuisse,
1114 840 1258 877 merito
1277 852 1370 876 con-

75 894 180 932 iicit.
208 897 350 933 Nostro
370 907 506 943 saepe,
530 896 735 932 Pausaniae
760 897 788 931 Ι.
817 895 880 931 32.
906 896 1073 932 Cornelio
1095 897 1191 945 Nep.
1213 895 1256 931 in
1276 895 1370 932 Mil-

77 949 184 987 tiade
202 963 236 988 c.
253 958 290 994 4.
316 955 437 998 atque
463 950 651 986 omnibus
672 949 818 997 potiori
834 951 1007 1001 Aescliyl.
1028 952 1128 987 Pers.
1143 963 1198 987 vs,
1215 964 1232 985 2
1247 964 1278 987 1.
1294 954 1369 987 Ar-

73 1006 267 1054 taphernes
288 1005 417 1041 audit.
444 1005 552 1054 Quid
574 1005 703 1041 Datidi
716 1005 817 1049 Rex,
832 1004 910 1040 nisi
929 1004 1114 1041 mandata
1130 1006 1368 1050 absolveret,

73 1060 255 1097 minatus
274 1059 422 1104 fuerit,
439 1062 546 1096 Plato
566 1061 718 1096 Menex.
739 1073 777 1107 p.
794 1068 886 1103 240.
903 1074 936 1096 Β.
956 1059 1162 1096 indicavit.
1184 1061 1316 1098 WES
1329 1061 1369 1097 S.

188 1113 333 1154 CAP.
359 1113 516 1154 XCV.
545 1115 582 1150 5.
612 1115 638 1157 ἐς
660 1112 700 1152 ro*
725 1112 890 1154 Ἀλήϊον
918 1111 1053 1164 πεδίον)
1081 1114 1270 1151 Meminit
1287 1117 1368 1151 Ho-

76 1183 210 1215 merus,
225 1169 401 1205 nominis
419 1182 594 1206 caussam
617 1173 779 1205 testatus
791 1195 800 1212 ‚
814 1168 928 1205 Iliad.
948 1167 999 1207 Z‘.
1015 1183 1107 1205 200.
1122 1170 1238 1206 cuius
1256 1172 1367 1210 Valla

72 1237 155 1261 non
175 1224 400 1261 recordatus
421 1224 464 1260 in
491 1236 665 1261 errorem
686 1223 884 1268 incurrit,
914 1224 1060 1260 leniter
1084 1230 1123 1261 et
1146 1224 1257 1261 docte
1282 1237 1367 1261 cor-

72 1285 228 1316 rectum
246 1292 269 1315 a
286 1281 329 1316 P.
348 1281 537 1329 Leopardo
556 1279 721 1317 Emend.
740 1279 828 1317 VII.
846 1292 910 1316 20.
939 1279 1154 1328 Sequentia
1173 1291 1220 1316 ex
1238 1280 1366 1317 Msstis

71 1334 245 1371 cultiora
265 1339 372 1371 sunt.
400 1337 499 1374 WE
512 1335 583 1372 SS.

131 1402 166 1438 9.
199 1387 435 1432 ἐσβιβάσαντες
454 1390 490 1433 ἐς
516 1388 599 1432 τοὶς
627 1383 745 1436 νέας)
775 1389 919 1425 Parum
939 1390 1079 1426 absum
1096 1403 1118 1426 a
1143 1389 1274 1425 tribus
1304 1390 1366 1425 ul-

72 1443 184 1481 timis
202 1443 406 1480 abolendis
419 1471 428 1488 ‚
453 1444 684 1480 auctoribus
704 1449 819 1479 utens
837 1443 1063 1481 Codicibus.
1093 1445 1197 1482 Sunt
1209 1456 1302 1480 sane
1315 1444 1364 1480 ad

71 1498 310 1535 sententiam
326 1500 436 1535 nulli
455 1499 560 1537 usui.
591 1501 778 1536 Maneant
794 1504 925 1534 tamen
947 1499 1096 1535 Scholii
1117 1499 1258 1537 instar.
1286 1502 1365 1536 Ve-

74 1558 208 1590 terum
226 1553 274 1590 de
292 1554 457 1590 navium
480 1553 724 1590 Pet-sicarum
743 1554 815 1589 hac
831 1553 1084 1601 expeditione
1098 1566 1268 1590 numero
1286 1554 1365 1591 dis-

72 1608 248 1645 cordiam
267 1608 403 1658 attigit
419 1611 547 1646 Rosius
564 1608 610 1644 ad
623 1610 780 1676 Nepotis
795 1608 969 1645 Miltiad.
989 1622 1022 1645 c.
1044 1618 1082 1653 4.
1121 1608 1235 1658 Quod
1252 1608 1366 1645 dein-

73 1674 162 1711 ceps
178 1669 312 1700 autem
331 1660 414 1714 [lin.
436 1677 449 1699 1
464 1677 476 1699 1
486 1664 514 1710 .]
535 1662 630 1711 πικροὶ
651 1680 708 1704 την
728 1660 853 1711 κ’πειρον
877 1661 896 1700 ἕ
904 1678 953 1708 χο
966 1680 979 1701 ν
998 1662 1061 1706 τοὲς
1080 1679 1107 1701 νε
1101 1665 1167 1706 ὀις,
1188 1663 1253 1701 vir
1272 1676 1363 1699 eru-

72 1718 218 1754 ditus
201 1734 278 1761 κγον
292 1725 363 1755 aut
380 1718 455 1756 ε’ἐστ
457 1729 534 1756 λλον
551 1718 738 1754 malebat.
767 1720 854 1755 Non
870 1717 1002 1754 desero
1019 1718 1254 1754 schedarum
1272 1731 1364 1754 con—

70 1772 307 1811 sensionem.
346 1772 461 1818 ’Έχειν
497 1775 658 1810 Homero
694 1772 799 1809 idem
832 1785 1128 1822 nonnunquam
1148 1786 1192 1809 ac
1210 1771 1361 1812 ἐλαύνειν.

74 1828 168 1865 Νωΐν
184 1824 213 1865 δ’
231 1822 286 1865 ὧδ’
305 1827 357 1866 ἐπ’
376 1827 513 1876 (ἐρισι-ἐρ’
530 1826 591 1874 ἔχε
615 1844 754 1876 στρατου
769 1853 779 1869 ,
803 1827 918 1864 Iliad.
941 1829 982 1866 N'
987 1857 995 1866 .
1022 1828 1110 1864 526.
1140 1828 1209 1864 ubi
1233 1829 1364 1865 Eusta-

70 1882 180 1919 thius.
218 1882 360 1920 Itidem
387 1884 606 1919 Herodotus.
636 1882 813 1921 WESS.

133 1943 195 1981 14.
224 1936 264 1981 ὥς
282 1941 340 1980 μὲν
358 1938 428 1980 ἐμοὶ
447 1935 611 1985 δοκέει)
649 1936 892 1973 Damnabile
915 1934 1014 1975 δοκέει
1041 1936 1234 1981 minime,
1263 1936 1366 1985 posi-

74 1996 164 2028 tum
183 1991 228 2028 in
255 1991 328 2030 lib.
347 1995 377 2029 Ι.
400 1992 485 2029 152.
518 1993 683 2041 Elegans
706 2004 867 2041 quoque
891 1990 1071 2036 δοκέειν,
1097 1993 1271 2029 Ονοηονίί
1288 1993 1366 2028 sol-

70 2045 190 2083 lertia
210 2046 283 2083 lib.
297 2049 368 2084 IV.
387 2060 398 2082 1
411 2047 473 2083 68.
495 2046 765 2083 instauratum
780 2073 789 2091 ,
805 2052 927 2095 atque
945 2047 1061 2083 alibi.
1086 2047 1274 2096 Optionis
1291 2047 1365 2082 ita-

74 2112 153 2148 que
175 2101 354 2139 facultas.
383 2102 499 2139 Conf.
518 2102 694 2139 Abresch.
712 2101 894 2138 Dilucid.
915 2102 1120 2153 Thucydid.
1148 2115 1184 2150 p.
1203 2102 1239 2139 5.
1258 2107 1297 2139 et
1316 2101 1364 2138 de

74 2154 185 2191 clade
201 2157 404 2192 Persarum
426 2157 473 2192 ad
494 2162 669 2193 montem
690 2157 829 2193 Athon
850 2169 882 2193 c.
899 2165 966 2201 44.
991 2157 1177 2195 VVESS.

182 2207 326 2250 CAP·
354 2209 540 2251 XCVI.
580 2212 614 2248 5.
657 2212 831 2257 ἐπεῖχον
872 2227 990 2260 στρατε
995 2208 1133 2262 νεα-θαι)
1182 2210 1287 2248 Vide
1311 2210 1361 2246 ad

72 2263 147 2301 lib.
167 2265 195 2300 I.
215 2267 277 2302 80.
305 2267 512 2314 Explicuit
536 2267 747 2302 Eustathius
776 2282 903 2303 σκοπον
927 2271 1014 2312 εἰχον
1041 2264 1135 2303 κατ-οὶ
1159 2282 1219 2308 rus·
1244 2263 1362 2308 Νάξου

74 2317 318 2366 στρατεύεσθαι.
347 2321 564 2359 Geminum
581 2321 654 2357 lib.
669 2322 698 2357 I.
716 2321 803 2357 155.
824 2319 875 2357 ἐπ’
890 2317 942 2363 οὖς
960 2321 1028 2358 ἐπε
1038 2335 1103 2365 ιχε
1123 2335 1158 2358 τε
1176 2330 1366 2368 στρατηλα-

76 2374 153 2410 τέειν
174 2372 291 2416 αυτ-ἅς·
316 2377 406 2412 Mox
430 2373 512 2426 [lin.
530 2372 592 2426 4.]
617 2376 813 2418 μεμνημένοι
832 2375 897 2412 τῶν
917 2373 998 2423 πρό
1009 2390 1119 2422 τερον
1143 2386 1224 2410 non
1246 2386 1366 2421 repu-

75 2427 142 2463 dio
157 2454 166 2471 ‚
184 2431 458 2476 quamtumvis
473 2433 538 2468 τῶν
555 2430 765 2478 προτέρων
787 2428 831 2464 in
857 2429 1041 2466 absurdis
1059 2429 1167 2465 haud
1185 2429 1253 2465 sit.
1288 2427 1368 2465 Mi-

71 2488 234 2519 scentur
256 2483 353 2522 talia
378 2478 417 2521 et
441 2486 673 2527 variantur;
705 2483 835 2522 veluti
863 2483 909 2520 in
929 2485 1084 2522 Diodori
1101 2485 1227 2523 XVII.
1246 2483 1312 2532 69.
1327 2486 1367 2518 et.
