1718 2919
285 257 383 298 AD
429 257 1043 309 HERODOT.V1.74.
1078 263 1142 310 75.
1312 274 1388 312 199

154 376 214 400 11.
243 360 291 401 τα’
314 379 370 405 μιν
393 357 522 406 αὖτις
545 361 771 411 ποιήσειε)
799 365 931 400 Erunt
962 364 1146 410 fortasse,
1173 363 1322 413 quibus
1341 364 1387 402 τα’

95 435 150 461 μιν
179 418 326 460 λυθεὶς
363 418 507 454 codicis
538 419 643 455 Pass.
674 417 845 463 ridebit,
876 430 1096 468 congruens
1127 420 1332 456 Cleomeni
1359 420 1386 456 ἔν

94 471 181 520 ξύλῳ
205 469 375 520 δεδεμένῳ,
405 478 444 509 et
467 473 571 508 mala
595 473 774 517 servulo,
801 473 834 509 si
855 486 935 520 qua
957 474 1074 522 cippo
1093 475 1386 520 exsolveretur,

91 526 317 563 minitanti.
356 527 456 563 Mihi
486 527 801 575 proseminatum
825 539 872 563 ex
899 523 988 571 αὖθις
1015 535 1220 572 censetur3
1253 530 1387 566 cuius-

92 581 201 618 modi
219 587 395 619 ΛΥΘΕΙΣ
410 588 449 618 et
466 587 613 620 ΑΥΘῙΣ
631 582 882 618 confusiones
902 582 945 618 in
966 584 1243 631 superioribus
1257 590 1386 621 osten-

90 636 183 672 dere
203 636 383 673 memini.
408 637 586 674 WESS.
607 657 658 663 --
687 631 804 680 Αὖθις,
829 650 901 685 pro
919 633 1034 681 αὖτις,
1063 644 1193 686 spreto
1212 639 1384 675 ionismo

91 690 285 728 scribitur
304 691 346 726 in
368 691 450 728 cod.
470 693 511 727 F.
529 691 602 740 qui
629 703 676 727 ex
694 692 828 728 eadem
851 705 944 728 eum
963 694 1067 730 Pass.
1093 694 1270 730 familia:
1303 707 1383 743 quo

88 745 215 795 magis
246 747 436 782 firmatur
469 748 710 796 lsVesselingii
730 747 946 784 iudicium.
989 750 1033 784 In
1062 746 1204 788 παίσειε
1223 761 1384 785 consen-

90 799 223 845 tiunt,
250 801 355 848 quod
375 801 494 837 seiam
510 827 519 845 ,
544 801 663 843 libri;
697 801 776 837 nisi
797 803 904 849 quod.
922 802 1089 843 ποιήσειεν
1112 802 1263 839 adiecta
1291 821 1304 841 ν
1332 804 1383 839 Ιί-

91 860 173 892 tera
193 856 340 892 scribat
357 858 399 895 F.
424 856 600 892 Videtur
619 862 753 892 autem
778 857 920 905 utique
938 856 1112 898 ποιήσει
1132 858 1175 893 in
1195 858 1270 895 fut.
1287 859 1382 896 scri-

87 916 205 958 ptum
226 910 445 958 oportuisse
462 925 469 944 :
504 917 697 958 postrema
715 912 862 948 vocalis
880 928 892 949 ε
915 912 1033 948 facile
1052 925 1072 948 e
1088 924 1179 949 voce
1199 915 1382 961 proxime

87 972 277 1013 sequente
301 965 533 1002 adhaeserit.
560 963 604 1002 S.

147 1021 208 1055 18.
248 1023 305 1058 καὶ
339 1019 461 1061 ταύτην
489 1037 641 1066 κατ-σεχ
655 1017 829 1068 ορδεόων
845 1019 858 1069 )
875 1021 1033 1057 -Incerti
1063 1022 1268 1070 scriptoris
1294 1035 1381 1060 ver·

84 1075 135 1111 ba
151 1074 258 1122 apud
284 1076 429 1112 Suidam
456 1074 498 1109 in
521 1072 750 1122 Κατεχέρδκσε
780 1076 857 1111 hue
881 1077 1008 1112 resero
1024 1103 1033 1120 ,
1057 1077 1243 1124 opinatus
1262 1079 1381 1115 Theo·-

81 1132 206 1179 pompi
229 1141 276 1165 ex
302 1131 481 1166 Herodoti
510 1141 588 1164 esse
611 1130 814 1178 Epitome,
844 1127 930 1168 Εἶτα
949 1132 1012 1168 τῶν
1042 1133 1158 1179 φρενῶν
1183 1132 1376 1176 ἐξέπλευσε,

87 1186 146 1221 καὶ
164 1187 276 1227 μανεὶς
302 1184 416 1222 {xvi-dv
446 1186 605 1232 μαχαίρᾳ
632 1182 880 1233 κατεχόρὲεω-ε.
921 1187 965 1221 In
993 1186 1247 1223 Cleomenem
1267 1188 1376 1224 enim

85 1238 190 1275 dicta
220 1238 425 1287 aptissime
455 1238 676 1288 quadrant,
711 1245 749 1275 et
783 1241 1004 1289 Theopompi
1031 1241 1236 1291 cognitum
1271 1242 1378 1279 istud

84 1290 370 1341 conpendium.
403 1295 521 1332 Culte
547 1295 666 1330 Henr.
694 1296 857 1331 Valesius
882 1295 925 1330 in
948 1297 1066 1332 Dione
1087 1297 1279 1347 Chrysost.
1307 1298 1378 1334 Or.

85 1349 289 1386 XXXVII.
307 1363 346 1397 p.
364 1350 455 1395 467.
470 1363 504 1385 Β.
531 1347 623 1392 ilaei}
640 1346 666 1385 δ’
683 1348 718 1387 οὐ
737 1350 924 1397 παρέχομεν
951 1349 1010 1387 τᾶν
1038 1348 1213 1399 α’νδριοέντκ
1239 1351 1376 1400 χορεύειν

85 1401 128 1441 ἂν
147 1402 361 1446 αἰσθάνηται,
383 1403 555 1441 correxit
580 1401 757 1451 χορδεύειν,
777 1403 878 1448 sive,
905 1404 1011 1453 quod
1041 1405 1183 1441 malim
1207 1422 1378 1455 καταχορ-

84 1453 204 1501 δεύειν,
238 1459 458 1495 clarissime
484 1458 532 1494 ad
563 1458 656 1495 haec
680 1459 910 1495 alludente:
942 1467 1086 1508 negant
1106 1461 1215 1496 enim
1244 1473 1282 1497 se
1301 1467 1377 1497 sta-

84 1516 195 1557 tuas,
214 1513 246 1549 si
267 1514 477 1558 sentirent,
502 1514 770 1561 praebituros,
791 1520 836 1550 ut
850 1513 905 1550 ita
928 1515 1246 1551 lancinarentur.
1275 1517 1378 1552 Con-

84 1571 145 1603 tra
168 1575 370 1616 peccatum
390 1569 433 1604 in
456 1569 602 1605 Libanii
628 1570 699 1605 Or.
719 1570 788 1605 VI.
803 1595 812 1612 ‚
833 1581 964 1617 nuper
989 1571 1172 1607 Venetiis
1196 1571 1378 1618 publica-

83 1627 145 1667 ta,
166 1635 252 1673 pag.
283 1637 369 1660 100.
395 1623 430 1661 οὔ
458 1626 517 1661 τοῦ
542 1627 600 1666 μὲν
624 1623 640 1661 ἆ
666 1623 777 1670 παπ-ἦρ
807 1622 971 1671 ἐχόρδευες
1006 1625 1043 1661 h.
1064 1637 1100 1662 e.
1121 1627 1376 1675 Bongiovanni

80 1676 322 1726 interprete,
342 1693 459 1715 nonne
476 1684 585 1727 pater
606 1680 702 1715 illius
718 1678 872 1714 chordas
892 1679 1093 1727 efficiebat?
1114 1682 1240 1717 Immo
1261 1683 1376 1717 salta-—

82 1731 166 1778 hat,
190 1731 330 1782 ἐχόρευε.
366 1735 555 1782 Longinus
589 1728 723 1783 [hunc
750 1734 930 1769 Herodoti
964 1735 1098 1770 locum
1134 1732 1378 1786 respiciens]

81 1788 319 1824 sententiam
338 1787 601 1824 consideravit
627 1788 843 1832 duntaxat,
874 1794 912 1824 et
931 1790 1030 1826 Plut.
1048 1791 1090 1825 T.
1111 1791 1157 1827 11.
1176 1803 1214 1837 p.
1235 1791 1324 1827 225.
1340 1805 1374 1827 n.

81 1843 168 1879 Post
187 1855 310 1891 pauca
330 1844 440 1884 μοῦναι
467 1840 555 1892 [lin.
585 1843 672 1888 21.]
702 1854 863 1878 manere
884 1850 1061 1891 possunt.
1101 1845 1375 1882 Conferendus

79 1897 282 1935 Pausanias
302 1903 358 1934 est
371 1899 435 1935 III.
453 1906 490 1942 4.
509 1910 595 1947 pag.
618 1911 634 1933 2
649 1911 660 1933 1
673 1898 708 1934 3.
727 1897 858 1935 WES
871 1898 908 1935 S.
926 1919 977 1925 -—
1006 1900 1214 1936 Athenaeus
1232 1899 1306 1938 lib.
1323 1902 1375 1938 X.

80 1963 113 1989 e.
134 1954 200 1996 48.
220 1949 289 2003 (p.
311 1953 402 1997 456.
419 1952 478 1989 ed.
496 1950 611 2002 Cas.)
635 1952 682 1987 de
705 1953 899 1990 Cleomenis
929 1954 1088 1999 furore,
1117 1955 1375 1993 simulstmnc

81 2006 215 2043 locum
228 2035 238 2053 ,
257 2007 382 2045 simul
402 2007 636 2044 inferiorem
660 2019 744 2055 cap.
763 2009 828 2051 84.
853 2008 1088 2056 respiciens,
1107 2008 1191 2047 “Ori
1218 2006 1248 2046 δὲ
1262 2035 1273 2053 ,
1295 2010 1373 2055 ait,

83 2058 138 2099 διαὶ
155 2063 250 2104 μέθην
273 2061 390 2100 {um-dv
417 2065 475 2100 καὶ
501 2064 660 2110 μαχαίρᾳ
687 2063 870 2106 κατ-ἔτεμε,
895 2060 1068 2111 Ἡρόδοτος
1094 2063 1255 2112 ἱστόρησε.
1288 2065 1375 2101 Bel-

81 2114 171 2152 lum
203 2117 360 2154 Atticae
393 2117 594 2162 inlatum,
629 2129 710 2164 quo
736 2117 877 2152 lucum
910 2119 1113 2155 Eleusinum
1144 2119 1375 2156 Cleomenes

80 2171 268 2216 vastavit,
291 2172 422 2221 tetigit
440 2173 578 2209 Herod.
602 2171 675 2208 lib.
694 2175 744 2209 V.
761 2184 793 2208 e.
815 2180 878 2218 74.
907 2172 950 2210 S.

137 2225 226 2262 Ibid.
248 2228 305 2264 καὶ
321 2225 444 2268 ταύτην
467 2224 835 2275 καταχορδεύων)
855 2227 1040 2271 Modum,
1062 2240 1143 2276 quo
1168 2228 1375 2264 maniacus

81 2291 224 2327 corpus
245 2281 483 2327 conciderit,
516 2281 767 2318 tradiderunt
793 2281 957 2329 quidem
987 2282 1083 2325 alii;
1108 2284 1277 2319 verbum
1305 2283 1373 2320 vix

81 2334 183 2370 alibi
204 2342 406 2382 repertum
431 2334 680 2385 καταχορδεύειν
708 2337 882 2374 retinuit
899 2339 1080 2375 Aristides
1100 2339 1146 2375 II.
1167 2350 1253 2387 pag.
1281 2338 1372 2388 395.

85 2389 304 2434 Cleomenes,
331 2390 486 2438 inquit,
513 2390 554 2429 τδ
581 2391 685 2430 αὗτοῧ
709 2394 813 2436 σῶμα
844 2390 1097 2441 κατεχέρδευσεν
1125 2393 1161 2430 ἐκ
1188 2392 1294 2431 πεδῶν
1316 2392 1375 2440 oie-

82 2442 237 2487 ’ξείμενοςτ
261 2459 296 2481 se
321 2446 433 2494 ipsum
457 2449 661 2484 minutatim
686 2448 869 2492 dissecuit,
896 2448 1088 2484 canterus.
1116 2450 1173 2484 Ex
1192 2461 1266 2484 usu
1288 2449 1374 2495 ple-

82 2497 169 2534 beio
196 2498 367 2547 petitum
394 2501 505 2538 velut
525 2501 590 2538 hie
615 2503 871 2550 aptissimum
890 2502 1028 2539 laudat
1051 2501 1369 2551 Longin.7r.“T2L.
