1718 2919
293 205 385 245 AD
438 205 820 245 HERODOT.
863 204 1007 247 VIII.
1037 210 1105 256 75·
1132 208 1198 256 76.
1327 206 1398 245 151

180 309 242 345 13.
269 308 315 347 τοὶ
338 308 477 357 ὑμέτεροι
503 309 742 358 κατύπερθε
769 307 940 358 γίνεσθαι)
966 312 1112 347 Haereo
1132 310 1204 346 hoc
1227 318 1402 355 servem3

120 377 172 401 an
190 376 236 399 ex
257 364 377 401 Codd.
403 377 577 401 revocem
600 366 841 413 κατυπέρτεροις
876 365 1070 412 posterius
1098 365 1171 402 lib.
1202 367 1287 402 VII.
1312 365 1401 401 253.

121 419 165 461 ὥς
194 415 223 456 δὲ
253 416 329 456 εἶδον
354 420 641 466 κατυπέρτερα
676 421 739 456 τῶν
776 420 905 468 Περσῶν
938 417 1094 461 γινόμενα
1124 418 1169 456 ταὶ
1198 417 1401 467 πρήγματα.

121 472 218 510 Vid.
237 485 320 520 cap.
347 474 433 510 156.
461 473 606 509 Omitti
634 479 673 508 et
695 474 850 517 μᾶλλον,
875 473 980 520 quod
1010 473 1202 510 damnant
1220 473 1402 520 schedae,

123 527 292 575 poterit,
313 528 471 563 utalibi
493 527 727 563 indicatum.
757 529 847 564 Mox
866 527 1074 572 fidentior,
1095 529 1187 576 [lin.
1209 524 1295 577 16.]
1315 526 1403 565 κοίλ-

122 591 233 619 λιστον
257 581 362 623 ὑμέας
391 580 514 629 ἔργον
541 580 717 623 ἁπάντων,
737 584 833 619 Aldo
857 582 956 618 duce
977 582 1201 619 reformavi.
1219 585 1276 621 W
1289 582 1350 618 ES
1363 582 1401 619 S.

232 634 375 675 CAP.
392 634 621 674 LXXVI.
641 637 658 672 5
675 650 747 685 seq.
768 635 808 674 τδ
828 635 889 673 εἶπ’
909 638 1037 685 ἑσπέρης
1055 634 1172 685 κέρας)
1193 638 1282 673 Non
1300 636 1401 672 cela-

119 690 185 734 bo,
196 691 293 726 olim
311 690 412 725 mihi
429 691 720 738 prominentem
737 690 780 726 in
796 702 904 726 mare
917 697 1051 727 contra
1064 690 1306 728 Salaminem
1325 695 1403 727 tra-

120 750 230 781 ctum
249 745 456 794 Megaridis
476 745 569 781 haec
582 745 782 781 ostendere
795 772 804 790 ,
825 758 904 781 non
925 746 1055 782 classis
1074 746 1245 782 Persicae
1263 757 1401 782 cornu.

120 800 226 847 Κέρας
253 799 296 835 in
319 802 576 848 promontoriis
608 800 793 848 frequens
826 801 931 848 apud
958 803 1169 837 Salmasium
1197 799 1245 836 ad
1275 799 1401 836 Solin.

121 866 161 900 p.
186 855 294 897 116.;
335 861 373 890 et
398 855 527 891 Strabo
557 856 623 891 IX.
658 868 696 902 p.
721 855 812 898 604.
845 852 907 905 [p.
931 855 1021 905 395.
1048 869 1086 892 A.
1106 855 1165 891 ed.
1187 851 1295 905 Cas.]
1322 853 1402 891 duo

118 906 345 945 istiusmodi
365 911 487 956 κέρατα
510 909 554 944 in
577 908 788 958 Megaridis
806 915 844 945 et
863 909 1018 946 Atticae
1046 910 1195 946 finibus
1220 909 1402 947 exadver-

119 974 209 998 sum
232 963 474 1000 Salaminem
494 969 705 1006 memorat3
730 965 944 1000 Plutarchus
964 969 1174 1014 praeterea,
1188 965 1403 1001 Acestodori

121 1016 221 1061 fide,
250 1016 459 1063 (Themist.
482 1031 521 1065 p.
547 1031 559 1053 1
575 1020 633 1054 18.
655 1017 712 1066 E.)
743 1024 905 1065 propter
927 1019 1000 1054 illa
1020 1020 1142 1066 κέρατα
1166 1021 1334 1055 Xerxem
1355 1028 1401 1054 ex

119 1082 167 1106 ex
186 1083 304 1108 aurea
334 1073 428 1108 sella
450 1073 589 1109 navale
608 1073 680 1108 hoc
701 1073 928 1120 spectavisse
951 1073 1164 1121 praelium.
1205 1073 1268 1109 Sic
1292 1073 1404 1108 insu-

119 1125 200 1161 lam
215 1126 490 1171 circumvecti,
504 1133 542 1163 et
551 1129 836 1175 promontorium
845 1156 854 1172 ‚
869 1128 982 1174 κέρας,
997 1129 1211 1164 occidentem
1227 1134 1404 1176 spectans,

117 1179 384 1229 incingentes,
416 1182 526 1217 omni
549 1182 598 1217 ad
618 1182 813 1218 Isthmum
842 1181 1012 1217 transitu
1033 1184 1196 1220 Graecos
1217 1182 1404 1218 exclusis-

117 1240 216 1271 sent.
258 1236 363 1284 Quia
393 1240 524 1272 tamen
551 1237 793 1283 suspicioni,
824 1248 926 1284 quae
952 1249 1035 1283 cap.
1057 1238 1120 1274 85.
1150 1237 1401 1284 produntur,

117 1289 272 1325 officere
303 1291 515 1336 videntur,
555 1302 641 1326 eam
670 1303 750 1326 non
784 1302 913 1340 urgeo.
961 1292 1019 1327 De
1050 1293 1239 1342 Cynosura
1271 1297 1309 1327 et
1331 1293 1399 1329 Ceo

117 1341 205 1393 [lin.
223 1341 282 1392 7.]
312 1357 371 1381 res
397 1358 551 1393 ancep5.
589 1346 651 1382 Cl.
672 1347 713 1382 de
729 1347 840 1382 Pauw
860 1345 1012 1382 insulas
1036 1346 1138 1382 circa
1158 1345 1401 1382 Salaminem

116 1398 255 1446 elegit,
271 1405 310 1435 et
327 1401 553 1451 Cynosuram
568 1400 732 1448 quidem
747 1399 977 1436 Laconicam
988 1426 997 1444 ,
1014 1400 1120 1437 Ceam
1136 1411 1227 1437 vero
1245 1400 1400 1436 defectu

116 1453 358 1500 scriptorum
381 1454 558 1503 ignorari
576 1471 583 1488 ε
614 1455 680 1490 cui
701 1454 810 1502 paria
831 1467 911 1490 non
934 1454 1048 1492 facio.
1088 1454 1275 1491 Laconica
1292 1454 1401 1502 apud

114 1508 338 1557 Hesychium
362 1510 564 1556 Cynosura
587 1509 814 1557 longissime
832 1508 926 1544 hinc
948 1514 1097 1545 remota
1120 1509 1221 1554 fuit,
1246 1514 1284 1545 et
1303 1509 1402 1546 situs

116 1562 410 1609 paeneincerti.
450 1566 501 1599 Ut
521 1564 655 1611 paucis
676 1562 939 1612 transigatur,
964 1564 1069 1600 Ceum
1088 1563 1265 1600 insulam
1284 1564 1403 1600 intel-

115 1616 199 1665 ligo
217 1624 352 1654 contra
369 1618 542 1654 Sunium
563 1618 739 1661 Atticae,
755 1624 794 1654 et
814 1619 1056 1668 Cynosuram,
1077 1616 1181 1666 οἴκξαν
1199 1619 1260 1655 τοῦ
1283 1624 1405 1666 Muqa-

117 1671 244 1714 θῶνος,
269 1675 555 1720 promontorium
571 1673 824 1717 Marathonis,
852 1674 1049 1709 Euboeam
1075 1678 1250 1720 spectans
1266 1699 1275 1717 ‚
1302 1672 1405 1709 eius-

114 1724 205 1761 dem
225 1727 414 1777 Hesychii.
445 1727 617 1776 Longius
649 1729 693 1762 in
725 1726 873 1763 tabulis
902 1726 943 1762 id
978 1728 1125 1764 Cellarii
1156 1733 1194 1763 et
1225 1727 1403 1762 aliorum

116 1780 236 1828 pictis
262 1793 284 1816 a
309 1781 457 1826 Sunio,
483 1795 604 1830 quam
631 1782 845 1818 Herodotea
879 1782 1102 1829 postulant,
1132 1780 1404 1830 disiungitur;

114 1835 244 1880 male,
262 1836 426 1884 opinor;
447 1836 516 1873 vix
539 1836 649 1872 enim
672 1842 758 1872 tum
780 1849 860 1872 una
881 1841 1015 1881 noete,
1034 1847 1158 1885 eaque
1176 1836 1341 1881 aestiva,
1363 1835 1403 1871 id

117 1891 437 1937 promontorium
467 1890 644 1936 flectere,
673 1896 910 1938 tantumque
935 1891 1053 1938 spatii
1081 1891 1281 1927 absolvere
1313 1890 1403 1938 qui-

116 1944 263 1982 vissent
279 1945 511 1995 navigando.
539 1948 657 1983 Nunc
670 1972 680 1991 ‚
698 1945 866 1982 statione
885 1945 988 1981 circa
1015 1948 1139 1982 Ceum
1168 1951 1207 1981 et
1229 1947 1405 1992 Cynosu-

119 2010 206 2035 ram
224 2000 363 2036 relicta
375 2027 385 2045 ⁷
406 2001 685 2048 provehuntur
699 2011 819 2048 prope
839 2000 1093 2050 Munychiam,
1109 2012 1153 2036 ac
1172 2000 1320 2036 fretum
1333 2026 1342 2043 ‚
1360 2003 1405 2035 ut

117 2058 159 2089 et
174 2054 245 2089 hac
264 2060 373 2102 parte
400 2055 515 2104 fugae
532 2055 680 2091 occasio
700 2054 855 2092 Graecis
875 2054 1148 2102 praecidatur,
1177 2054 1404 2102 obsepiunt.

119 2108 300 2147 WESS.
330 2129 380 2136 —
419 2111 553 2146 Verba
574 2109 670 2154 ista,
694 2109 814 2152 οἷνῆγον
837 2112 894 2151 μὲν
919 2107 959 2146 ro¹
985 2108 1048 2146 (ἐπ’
1076 2109 1205 2156 ἑσπέρης
1226 2109 1321 2156 κέρας
1347 2125 1406 2145 κυ-

121 2161 290 2204 κλούμενοι
309 2161 388 2210 πρδς
402 2162 459 2205 τὴν
480 2166 691 2206 Σαλαμίνκν,
707 2164 762 2200 sic
772 2164 891 2212 vulgo
910 2169 1093 2200 vertunt:
1115 2177 1226 2199 cornu
1245 2164 1338 2212 quod
1356 2163 1406 2198 ad

119 2229 283 2253 occasum
302 2218 486 2266 spectabat
511 2220 717 2268 producunt
744 2220 959 2255 Salaminem
985 2233 1125 2262 versus,
1143 2232 1220 2254 eam
1244 2219 1408 2253 circumi-

121 2273 217 2316 turi‚·
235 2271 348 2319 quasi
368 2273 615 2310 accusativus
639 2272 679 2311 ro*
700 2273 791 2320 κέρας
816 2286 838 2309 a
857 2274 975 2308 verba
996 2272 1116 2315 (ἐνῆγον
1139 2272 1348 2320 penderet,
1368 2276 1406 2306 et

122 2325 170 2361 ad
193 2326 403 2368 κυκλούμενοι
423 2327 721 2377 intelligeretur
739 2325 855 2366 αὐτήν.
878 2329 956 2376 Ego
974 2328 1141 2363 verbum
1162 2326 1281 2368 οἷνῆγον
1296 2327 1405 2361 abso-

123 2380 211 2416 lute
229 2379 382 2428 accepi,
412 2381 516 2418 sicut
540 2395 632 2418 mox
659 2381 718 2417 ait
741 2380 945 2428 scriptor,
971 2381 1090 2424 οἶνγῖγον
1115 2378 1145 2418 δὲ
1173 2382 1200 2418 οἱ
1229 2379 1322 2423 ἀμφὶ
1348 2379 1406 2419 viv

125 2436 225 2479 Κέον,
257 2447 400 2483 nempe
421 2435 543 2479 οἱνῆγον
562 2436 626 2480 τοὶς
649 2437 748 2480 νῆας,
771 2441 817 2472 ut
836 2435 895 2472 ait
923 2437 1045 2484 paulo
1065 2441 1162 2483 post.
1205 2437 1343 2481 Itaque
1364 2431 1403 2470 τέ
