1718 2919
342 259 393 298 36
621 254 1362 295 ADNOTATIONES

343 363 510 410 ideoque
541 373 587 397 cx
616 362 844 398 coniectura
879 362 1048 397 verbum
1082 359 1188 404 ἄπες
1216 360 1385 406 adiecit,
1419 361 1524 409 quod
1557 358 1634 397 alii

340 429 476 453 omnes
508 422 728 454 tenuerunt
753 416 946 460 editores,
979 416 1102 452 donec
1129 428 1151 451 a
1177 417 1428 465 Wesselingio
1458 415 1632 453 eiectum

338 478 418 516 cst,
446 472 518 519 qui
552 473 732 508 luxatam
763 471 1139 519 claudicantemque
1165 476 1458 519 repraesentare
1486 470 1635 507 oratio-

339 538 431 563 nem
452 526 627 572 maluit,
656 539 778 575 quam
800 527 968 563 verbum
989 525 1203 561 admittere
1220 532 1357 562 contra
1384 525 1634 563 consentien-

340 582 445 618 tium
465 581 666 618 librorum
687 581 965 618 auctoritatem
986 581 1198 617 insertum.
1239 580 1354 628 Quod
1382 592 1499 618 nemo
1522 580 1634 617 vide-

336 642 422 682 rat,
451 636 492 672 id
521 634 762 684 Schaeferi
789 649 869 672 non
898 635 1041 684 effugit
1072 635 1375 684 perspicaciam:
1408 646 1552 683 nempe
1584 635 1630 671 in

336 691 573 739 importuno
596 691 671 728 illo
692 692 734 728 ἐκ
763 693 827 729 σέο
854 691 1025 736 latebat,
1049 690 1174 726 immo
1198 696 1356 727 tantum
1379 703 1458 727 non
1480 689 1632 739 planis·

335 746 437 783 sime
478 746 630 791 inerat,
667 745 789 781 illud.
809 745 943 794 ipsum
979 745 1085 794 quod
1121 745 1422 783 desiderabatur
1459 746 1630 783 verbum

333 799 424 845 ε”ξεο
436 826 446 843 ,
465 802 623 846 dimitte,
641 800 905 848 imperativus
922 800 1076 836 mediae
1091 800 1240 838 formae
1253 801 1365 837 verbi
1380 801 1505 845 ἐξίημιε
1523 801 1630 837 unde

336 867 480 892 nomen
511 854 635 900 ἕξεως,
673 855 876 904 (dimissio,
909 854 1125 903 divortium)
1152 855 1380 901 derivatur,
1413 869 1494 904 quo
1520 855 1628 893 idem

334 911 513 959 Scriptor
531 918 663 947 noster
683 911 822 959 paullo
845 916 930 959 post
952 910 1060 960 (cap.
1082 920 1146 956 40,
1165 910 1226 958 7.)
1252 910 1388 947 eadem
1416 910 1460 947 in
1490 923 1629 948 narra·

334 966 442 1002 tione
463 965 608 1002 utitur.
638 966 812 1002 Literam
833 971 858 1003 Ξ
878 966 1109 1014 antiquitus
1128 965 1284 1002 duabus
1312 965 1444 1003 literis
1465 971 1532 1005 ΧΣ
1563 978 1630 1003 ex-

330 1021 455 1069 primi
485 1021 645 1057 solitam
681 1020 823 1066 fuisse,
852 1032 873 1056 e
901 1020 1086 1058 vestustis
1120 1020 1456 1069 inscriptionibus
1490 1020 1629 1058 docuit

330 1074 576 1123 Montfaucon
591 1076 788 1126 Palaeogr.
811 1088 849 1124 p.
870 1076 1093 1126 131.et159
1113 1087 1192 1125 seq.
1218 1077 1346 1113 Facile
1359 1075 1503 1121 credas,
1520 1077 1628 1112 mul-

332 1137 387 1167 tos
408 1131 527 1167 etiam
549 1132 695 1167 scribas
722 1137 786 1169 ΚΣ
810 1143 880 1179 pro
899 1137 925 1170 Ξ
946 1131 1142 1180 posuisse3
1164 1131 1270 1180 quod
1291 1132 1412 1182 vulgo
1433 1131 1626 1168 Aeolibus

329 1187 374 1221 in
406 1199 480 1222 usu
508 1186 629 1222 fuisse
657 1192 804 1223 veteres
832 1186 1094 1223 Grammatici
1121 1186 1383 1225 adnotarunt.
1409 1186 1516 1224 Vide
1537 1187 1627 1223 Gre-

327 1254 409 1290 gor.
430 1242 599 1278 Corinth.
621 1241 669 1277 de
693 1241 803 1278 Dial.
822 1242 936 1278 Aeol.
964 1238 997 1291 ᾧ.
1016 1242 1079 1292 39.
1105 1248 1144 1278 et
1166 1242 1483 1279 Grammaticum
1502 1243 1627 1279 Meer-

329 1296 598 1332 marinianum
626 1297 670 1332 in
690 1297 808 1334 Bastii
838 1297 1014 1334 editione
1040 1296 1219 1346 Gregorii
1243 1310 1280 1345 p.
1297 1298 1388 1334 661.
1408 1293 1442 1346 §-
1463 1305 1525 1342 14.
1553 1295 1598 1335 S.

451 1349 598 1390 CAP.
627 1351 727 1391 XL.
762 1365 798 1398 7.
826 1353 886 1395 τῖς
914 1348 1103 1402 ἐξέσιος)
1133 1353 1301 1390 Eustath.
1331 1351 1542 1396 οἷπόπεμψιν
1565 1368 1627 1394 ‘yv-

329 1405 440 1448 νοιικδς
463 1405 534 1447 {fros
558 1405 724 1453 διαξύγιον
746 1406 951 1445 verissime
971 1407 1157 1455 exponit,
1182 1407 1439 1444 Homericum
1463 1403 1628 1451 ξύνεσις

328 1476 362 1497 τε
392 1458 455 1498 δύω
482 1463 645 1503 ποταμῶν
678 1462 936 1499 illuminans.
983 1463 1071 1511 Quo
1102 1462 1150 1499 de
1180 1474 1321 1512 genere
1350 1463 1394 1498 in
1413 1464 1628 1499 Aristotelis

327 1516 417 1551 [th.
437 1515 591 1552 Nicom.
614 1519 660 1553 II.
676 1530 711 1563 7.
733 1517 825 1560 ὁμὲν
846 1516 911 1566 γάρ
932 1514 1059 1561 οἵα-ουτος
1076 1518 1104 1555 ἔν
1123 1521 1182 1558 μὲν
1208 1519 1392 1566 προέσει,
1416 1518 1627 1554 abiiciendis

327 1571 472 1619 opibus,
504 1570 725 1619 ὑπερβάλλειι
757 1579 795 1608 et
822 1572 931 1620 apud
966 1573 1137 1610 Clement.
1162 1576 1271 1611 Alex.
1300 1573 1457 1622 Paedag.
1484 1575 1532 1609 ΙΙ.
1565 1586 1626 1608 ιο.

330 1638 367 1672 p.
383 1625 473 1661 223.
493 1627 534 1669 εἷς
547 1624 576 1663 δὲ
597 1626 654 1666 rn'v
674 1625 843 1674 πρᾶεσιν
863 1626 967 1665 αὐτ-οἷ
989 1626 1210 1676 (σπέρματος)
1230 1625 1436 1676 οἶνδρωσοὶσῃ.
1465 1629 1625 1671 Menum

327 1680 465 1728 itaque
496 1681 926 1728 interpretamentum,
956 1682 1063 1730 quod
1095 1684 1183 1719 Ask.
1213 1683 1352 1727 offert,
1384 1681 1521 1726 ἐξώπιος.
1560 1684 1626 1720 Se-

328 1748 454 1782 quens
474 1738 586 1774 πςιέων
606 1733 758 1779 οὐδαμῶς
778 1737 1014 1785 Σπαρτιητικά
1038 1734 1120 1788 [[ίη.
1148 1751 1157 1772 1
1176 1735 1224 1786 1.]
1245 1737 1373 1786 perite
1395 1739 1446 1775 N.
1469 1737 1626 1787 Cragius

328 1790 400 1826 lib.
422 1792 483 1826 111.
514 1793 608 1838 Rep.
634 1791 912 1828 Lacedaemon.
945 1805 981 1840 p.
1000 1793 1091 1836 251..
1124 1793 1295 1830 Clementi
1326 1791 1473 1828 obiecit
1491 1795 1598 1830 Alex.
1615 1821 1628 1839 ,

328 1846 491 1891 Spartae
517 1847 676 1887 ἐπιτίμιον
701 1849 928 1889 [awo->fomlam
961 1850 1209 1897 monogamiae
1230 1861 1381 1896 poenam
1397 1876 1405 1891 ,
1429 1847 1622 1884 sancitam

328 1899 427 1935 oiim
461 1900 669 1947 prodenti,
699 1901 886 1937 Stromat.
912 1904 959 1938 ΙΙ.
994 1916 1031 1950 p.
1064 1903 1154 1939 505.
1197 1905 1420 1944 Κακογκμιόυ
1454 1914 1622 1950 poenam

329 1954 447 1990 isthic
470 1955 635 2003 Lycurgi
666 1961 888 1991 statuerant
920 1957 1040 2005 leges,
1069 1958 1229 1994 fortasse
1256 1955 1381 2007 (quae
1401 1957 1623 1995 doctissimi

328 2009 406 2045 xiri
433 2010 588 2058 elegans
607 2007 832 2059 divinatio)
861 2012 1033 2049 Clementi
1060 2013 1359 2049 restituendam.
1390 2012 1577 2050 WESS.

439 2062 586 2103 CAP.
609 2062 739 2103 XLI.
766 2066 800 2102 5.
830 2063 1002 2113 ἔφεδρον
1029 2064 1205 2116 βκτιλέα)
1237 2069 1435 2104 Camerarii
1453 2080 1498 2103 ac
1518 2068 1623 2104 Porti

328 2118 433 2153 haud
455 2119 622 2167 repudio
642 2133 889 2156 successorem.
918 2122 1029 2158 I'utes
1050 2122 1231 2159 Clearchi
1250 2123 1355 2158 illud
1374 2123 1481 2170 apud
1497 2123 1623 2159 Xeno-

322 2173 497 2221 phontem
520 2173 638 2212 Ἀναβ.
659 2176 704 2210 ΙΙ.
725 2187 761 2222 p.
783 2188 794 2210 1
808 2176 870 2224 59.
890 2175 951 2212 cd.
971 2178 1109 2213 Hutch.
1126 2176 1206 2225 πξός
1222 2179 1367 2217 βασιλέα
1388 2176 1446 2216 τᾶν
1463 2178 1620 2219 μέγιστον

327 2225 453 2275 ἔφεδρον
474 2228 713 2274 α’γωνιξοίμεθοι
733 2240 811 2265 esse
825 2230 1057 2279 geminum,
1078 2233 1139 2268 sed
1161 2233 1380 2280 discrepat:
1408 2233 1540 2269 vindex
1552 2238 1621 2276 est,

329 2282 432 2328 quod
454 2284 633 2319 Budaeum
657 2296 736 2319 non
760 2285 895 2321 latuit.
924 2287 1038 2322 Alias
1058 2287 1241 2323 vocabuli
1266 2289 1463 2333 notiones,
1483 2289 1533 2323 ab
1554 2287 1620 2324 ill.

325 2338 540 2385 §parthemio
569 2338 616 2373 ad
650 2339 910 2376 Callimachum
933 2349 1054 2388 atque
1084 2343 1367 2391 Aristophanem
1391 2343 1620 2391 explanatas

326 2404 419 2427 eum
440 2393 614 2428 maxime
639 2392 744 2428 haud
766 2407 921 2438 moror,
943 2397 1089 2432 nedum
1111 2394 1200 2446 [lin.
1220 2394 1273 2447 5.]
1299 2395 1444 2443 ἔχουσαν
1465 2395 1495 2435 δὲ
1513 2394 1618 2437 αὖτῆν

326 2444 443 2484 οἷλκθέϊ
459 2446 552 2493 λόγῳ
565 2474 574 2490 ,
596 2447 676 2483 sive
695 2450 959 2486 communiore
978 2451 1153 2487 dictione
1173 2454 1323 2497 σχοῦσαν
1341 2453 1369 2490 ἐν
1387 2455 1506 2500 γοα-τρὶ
1522 2453 1618 2488 Ραυ-

324 2503 467 2537 suniae:
482 2501 587 2550 quod
606 2502 754 2538 iterum
775 2504 1005 2553 iterumque
1022 2507 1197 2543 succedit
1213 2508 1296 2557 [lin.
1314 2521 1326 2544 1
1341 2505 1388 2557 1.]
1407 2507 1492 2550 ἰθέως
1504 2504 1613 2553 ἴσχει,

323 2557 456 2593 lucem
477 2557 726 2605 praecedenti
744 2558 958 2610 adspergit.
982 2562 1109 2602 WES
1120 2562 1159 2601 S.

1592 2605 1618 2613 -n
