1718 2919
267 215 365 255 AD
408 203 814 255 HER'ODOT.
849 215 1001 257 v111.
1038 225 1106 268 74·
1141 216 1207 266 75.
1306 226 1380 266 149

100 331 152 357 ne
164 318 399 367 accipientes
414 345 423 364 ,
441 319 670 356 formidasse
687 318 764 355 sibi
776 346 786 364 ,
804 319 1033 366 traduntur.
1045 319 1222 358 WESS.
1235 339 1285 345 —
1314 320 1382 354 Po-

99 379 199 411 terat
216 385 307 410 vero
324 374 443 410 etiam
462 401 472 419 ,
496 386 568 410 nec
584 373 833 410 incommode
867 374 1040 422 profecto
1059 400 1068 418 ‚
1094 372 1113 411 δ’
1126 390 1212 417 μως
1241 373 1382 410 teneri.

101 430 271 479 Quamvis
288 431 413 478 ingens
435 429 587 465 studium
602 457 610 473 ,
629 442 695 477 quo
716 429 937 465 muniebatur
954 429 1130 472 Isthmus,
1145 435 1377 478 cognossent,

98 489 252 520 tamen
273 484 514 532 Peloponneso
548 483 730 519 timebant.
763 483 825 519 Ad
858 479 971 531 δρόμον
1005 482 1204 519 adiectum
1231 482 1382 518 articu-

96 537 187 573 lum
208 539 366 582 mallcs,
395 538 467 586 qui
501 538 605 585 apud
628 538 795 574 Eustath.
821 537 941 573 etiam
969 535 1107 585 (Iliad.
1126 550 1211 585 pag.
1238 535 1379 584 1563.)

96 592 274 628 adiectus
301 592 469 641 legitur,
492 591 586 639 παραὶ
606 590 767 639 ‘chsso'rqu
787 590 852 635 τδ,
879 592 1004 634 θέοντες
1027 589 1098 629 τᾶν
1124 593 1192 638 περὶ
1218 592 1280 628 τοῦ
1297 607 1383 627 παν·

95 645 154 689 τὸς
171 644 228 687 ἤδη
250 644 376 695 δρόμον.
405 648 459 682 At
478 646 632 693 saepius
650 646 871 682 articulum
893 645 1045 682 omittit
1069 645 1288 682 Herodotus
1308 645 1379 681 ubi

92 701 253 738 Atticus
272 701 441 748 scriptor
468 713 547 736 non
567 702 818 749 neglecturus
836 701 959 736 illum
980 706 1076 737 erat.
1104 698 1149 737 S.

157 768 217 792 12.
245 755 402 796 Ἀθηναῖοι
428 753 458 793 δὲ
485 757 542 793 καὶ
566 754 763 803 Αἶγινιῖται)
793 758 872 791 Hoc
890 767 981 791 sane
1005 755 1152 791 rationi
1177 759 1380 790 consenta-

94 821 240 854 neum,
269 816 314 846 ut
345 823 436 845 cum
461 810 721 845 Themistocle
749 810 943 846 senserint
971 812 1193 859 Aeginetae,
1227 809 1380 846 malue-

91 864 259 912 rintque
282 864 388 912 apud
417 864 618 902 Salamina
649 877 827 909 manere,
854 877 974 912 quam
1002 864 1045 900 in
1073 864 1240 914 gratiam
1273 865 1379 900 Pelo-

92 919 376 967 ponnesiorum
396 931 528 955 versus
542 919 735 955 Isthmum
751 919 943 956 secedere:
962 919 1089 955 miror
1108 919 1255 955 idcirco
1270 918 1376 967 quod

91 973 234 1010 scribit
261 976 450 1025 Lycurgus
477 986 508 1010 c.
539 976 670 1010 Leocr.
698 987 735 1021 p.
775 975 869 1018 156,
896 975 957 1011 53.
984 973 1097 1023 (pag.
1129 986 1217 1009 200.
1238 973 1297 1010 ed.
1323 976 1376 1011 10.

91 1024 232 1077 Tayl.)
261 1027 438 1070 Ἐπίνικος
457 1031 514 1070 μὲν
536 1026 601 1075 γαρ
628 1028 646 1065 ἆ
670 1026 946 1071 Λακεδαιμένιος,
967 1032 1025 1066 καὶ
1042 1026 1247 1070 Ἀδείμαντος
1269 1027 1287 1065 0‘
1311 1034 1378 1066 Ko-

92 1083 223 1130 ρίνθιος,
253 1085 311 1120 καὶ
336 1082 376 1120 ro*
404 1084 582 1125 Αἶγινκτᾶν
611 1082 761 1120 ναυτικδν
782 1082 849 1120 ύπδ
875 1082 979 1120 νύκτα
1000 1081 1056 1120 ‘triv
1082 1084 1236 1129 σωτηρίαν
1265 1081 1377 1124 αὐτοῖς

90 1135 231 1178 ἔμελλον
250 1138 442 1185 πορίζεσθαι.
476 1136 679 1173 Eteonicos
698 1137 818 1173 etiam
839 1137 931 1173 novi
950 1136 1291 1181 Lacedaemonios,
1311 1136 1375 1172 sed

88 1190 212 1226 huius
228 1191 367 1227 aetatis
385 1191 600 1228 neminem.
622 1191 735 1237 Quod
755 1191 866 1227 addit
883 1193 1090 1242 Lycurgus,
1109 1191 1275 1228 oratoris
1292 1203 1377 1239 per-

88 1257 204 1281 sonae
223 1246 426 1295 congruit,
452 1258 571 1294 quem
599 1257 753 1293 semper
779 1247 952 1294 populus
981 1246 1163 1294 probavit
1187 1252 1233 1282 ut
1251 1259 1377 1294 popu-

87 1300 236 1336 larem:
264 1301 291 1338 οἱ
312 1299 461 1348 πρόγονοι
480 1324 523 1331 -·
541 1325 557 1331 -
579 1303 638 1348 βίᾳ.
664 1303 721 1337 καὶ
748 1300 820 1343 τούς
845 1299 969 1343 ἄλλους
992 1301 1231 1349 ἠλευθέρωσαν,
1267 1300 1376 1342 α’νκγ-

89 1354 252 1398 κοὲταντες
280 1356 310 1392 ἕν
344 1358 517 1396 Σαλαμῖνι
542 1355 611 1398 μεθ’
635 1355 743 1392 αὐτῶν
770 1354 851 1403 πρδς
875 1353 946 1397 τούς
971 1355 1154 1403 βαρβάρους
1178 1358 1374 1399 ναυμαχεῖν.

85 1409 217 1445 Unius
234 1409 507 1446 Themistoclis
530 1409 689 1445 laudem
715 1409 791 1445 sibi
822 1410 996 1445 libenter
1015 1410 1188 1457 populus
1211 1409 1374 1456 suisque

85 1464 309 1500 maioribus
337 1464 525 1500 audiebat
552 1464 810 1500 attributam:
842 1465 912 1499 hac
938 1470 1068 1500 mente
1097 1463 1375 1500 Themistocles

85 1519 232 1555 Libanii
250 1521 292 1555 Τ.
313 1521 341 1556 Ι.
361 1532 399 1566 p.
431 1519 519 1568 559.
533 1533 570 1555 Α.
604 1517 714 1565 noca-27⁸5>
736 1518 796 1556 οὐκ
826 1516 898 1555 ἔστι
926 1535 982 1561 μοι
1006 1519 1166 1560 Num-173·
1186 1538 1203 1546 -
1222 1539 1272 1547 --
1291 1517 1372 1556 ἄλλ’

89 1572 108 1610 o‘
124 1571 164 1610 ro*
186 1576 278 1616 μέγα
297 1572 386 1621 ἔργον
408 1571 644 1620 ἐργασάμενος,
672 1572 690 1610 ὁ
711 1570 822 1615 δῆμος.
847 1572 1032 1609 Eiusdem
1051 1573 1195 1609 Libanii
1213 1574 1372 1610 Neocles

84 1627 339 1675 Themistocli
362 1640 432 1663 suo
452 1627 577 1675 ipsius
601 1628 782 1675 exemplo
801 1627 1046 1664 demonstrat
1067 1628 1289 1677 eleganter,
1311 1627 1373 1663 in·-

82 1681 184 1718 vitos
205 1682 364 1718 utiliter
385 1693 497 1729 saepe
525 1688 712 1725 servatos,
739 1695 775 1729 p.
797 1682 888 1718 516.
906 1697 940 1720 B.
970 1684 1126 1719 Graecos
1147 1684 1275 1718 invitos
1294 1684 1372 1719 coe'-

82 1738 174 1786 gisti
193 1739 397 1782 ναυμαχεῖν,
421 1739 478 1774 καὶ
498 1735 541 1778 οἷς
561 1734 654 1784 ἔδρων
673 1736 749 1781 οὐχὶ
770 1737 970 1779 βουληθέντες
990 1738 1107 1774 ἐνίκων.
1130 1738 1281 1773 VALC
1294 1739 1341 1774 K.

196 1789 340 1830 CAP.
359 1790 498 1829 LXX
536 1790 561 1827 ’.
580 1791 598 1826 5
617 1805 690 1840 seq.
713 1792 838 1833 πέμπει
865 1792 894 1834 ἐς
917 1790 958 1829 ro*
987 1788 1205 1839 στξατόπεδον
1223 1790 1264 1828 τέ
1288 1790 1370 1829 Mn'-

82 1843 141 1883 δων
165 1843 292 1894 ἄνδρα)
320 1846 433 1894 Quod
457 1846 645 1882 Plutarch.
667 1846 802 1881 Them.
830 1859 868 1893 p.
894 1858 906 1881 1
922 1848 983 1882 18.
1001 1860 1034 1882 B.
1064 1845 1258 1893 prodidit,
1277 1840 1312 1885 ἧν
1339 1843 1370 1883 δὲ

81 1901 134 1948 τῷ
155 1902 236 1943 γένει
268 1901 390 1948 Πέρσης
426 1900 443 1938 o‘
474 1903 617 1943 Σίκιννος
643 1898 883 1945 αἰχμάλωτος,
922 1900 998 1936 sibi
1031 1900 1224 1936 credibile
1254 1906 1370 1948 negat

83 1956 147 1991 Cl.
169 1957 343 1992 Dacerius
359 1970 370 2000 ,·
391 1966 520 2003 neque
539 1955 647 1990 enim
666 1954 967 1991 Themistoclem
986 1954 1125 1991 liberis
1144 1955 1227 1991 suis
1244 1954 1368 1990 vilem

80 2009 284 2056 captivum
298 2036 308 2054 ,
328 2016 367 2046 et
387 2012 539 2046 Persam
557 2021 715 2058 genere,
740 2009 1001 2059 paedagogum
1031 2009 1191 2046 dedisse.
1223 2011 1370 2045 Plutar-

78 2064 185 2100 chum
210 2064 253 2100 in
280 2064 506 2101 Herodoteis
540 2065 645 2099 male
677 2063 814 2112 legisse
839 2066 902 2101 τῶν
933 2061 1051 2104 Μήδων
1086 2061 1210 2111 ἄνδρα,
1241 2076 1286 2099 ac
1313 2066 1369 2100 Si-

78 2120 222 2154 cinnum
248 2130 291 2155 ea
318 2120 366 2155 de
396 2131 529 2156 caussa
559 2120 677 2156 Persis
701 2118 926 2155 inseruisse.
970 2119 1189 2169 Aeschylum
1217 2130 1308 2154 sane
1333 2118 1366 2154 si

78 2173 285 2218 audimus,
303 2174 477 2210 nuncius
494 2176 664 2211 Graecus
682 2179 787 2217 erat,
806 2171 901 2221 Ἀνῆρ
920 2172 985 2221 γάρ
994 2171 1121 2212 ’Ἕλλην
1143 2172 1177 2217 ἐξ
1194 2172 1366 2213 Ἀθηναίων

79 2228 224 2275 στρατοῦ
251 2227 389 2271 Ἐλθών,
421 2227 509 2272 ἔλεξε
534 2235 601 2264 etc.
640 2240 683 2264 ea
716 2227 922 2272 videlicet,
957 2240 1059 2276 quae
1092 2227 1366 2264 Themistoclis

77 2281 191 2318 iussu
212 2282 422 2327 Sicinnus,
450 2283 492 2318 in
520 2285 620 2319 Pers.
646 2295 702 2319 vs.
730 2282 820 2318 355.
850 2284 1081 2318 Personatus
1111 2283 1366 2319 Themistocles

79 2337 246 2384 Epistol.
264 2339 331 2373 IX.
353 2350 437 2386 pag.
456 2346 519 2383 47.
540 2337 644 2374 Edit.
662 2337 847 2386 Schoettg.
865 2335 922 2374 τᾶν
945 2333 1163 2379 ’παιδαγωγδν
1191 2335 1282 2374 οἶσθα
1303 2336 1367 2373 τοῦ

80 2389 317 2435 Κλεοφάντου,
342 2390 374 2434 ἒς
393 2390 486 2438 κᾳῖμέ
511 2408 591 2429 ποτε
612 2389 803 2440 ἐθεράπευεν·
827 2392 970 2434 Σίκιννος
988 2390 1083 2439 αὐτῷ’
1104 2388 1268 2432 τοὺΙνοματ
1293 2389 1364 2425 ubi

78 2444 126 2481 de
142 2446 388 2494 Cleophanto
410 2458 489 2482 non
514 2447 631 2482 male.
662 2444 811 2494 Scripsi
836 2448 1060 2488 Σίκιννος,
1090 2441 1183 2494 [lin.
1213 2441 1275 2494 5.]
1302 2443 1363 2480 uti
