1718 2919
303 211 385 252 260
590 207 1347 249 ADNOTATIONES

304 314 474 355 dissent,
495 313 536 358 ὦς
553 310 641 352 ἔδει
662 329 733 356 μιν.
765 315 904 358 Nunc,
925 312 1120 362 quoniam
1146 313 1324 363 intelligi
1352 312 1485 350 voluit
1511 313 1615 352 Scri-

306 375 397 418 ptor
412 368 460 405 ad
480 368 707 418 quemlibet
722 370 865 417 Regem
890 368 1131 416 pertinuisse
1152 369 1268 404 illam
1287 370 1411 418 legem
1426 395 1435 411 ,
1451 370 1614 417 proprie

305 424 523 461 dicendum
549 425 703 468 fuerat,
724 423 765 465 οἷς
785 421 834 461 δεῖ
848 422 908 461 τᾶν
927 424 1096 465 βκσιλεόι,
1118 420 1329 467 οἷπσὸἔξοιντα
1351 421 1523 469 διάδοχον,
1542 431 1615 461 aut

304 479 465 528 aliquid
498 480 591 516 tale.
636 481 891 527 Consequens
926 478 1126 526 particula
1154 475 1239 517 οὕτω
1268 480 1334 515 lin.
1368 477 1403 515 5.
1429 479 1534 523 valet
1561 481 1616 516 ita

304 535 461 578 demum,
483 546 627 582 nempe
645 540 854 582 postquam
877 532 989 582 regni
1013 544 1273 569 successorem
1293 532 1528 583 designavit.
1554 531 1615 583 S.]

363 598 385 634 4
405 604 477 639 seq.
513 587 729 632 ἀποδέξαντα
759 589 916 629 ,Βασιλῆα
948 608 965 615 -
994 608 1011 615 -
1033 608 1050 615 -
1081 585 1341 636 στρκτεύεσθκι)
1384 588 1615 626 Secundum

304 645 498 682 Persarum
515 647 650 694 legem,
669 643 743 679 soli
764 643 864 679 forte
887 647 1147 678 meme-ratam
1166 643 1355 679 Herodoto
1369 672 1378 688 ,
1407 650 1493 680 ante
1512 658 1617 694 expe·

305 701 477 737 ditionem
507 706 707 748 susceptam
733 712 758 734 a
788 700 886 747 Rege
920 698 1165 747 designandus
1198 704 1300 742 erat,
1329 700 1412 748 qui,
1449 698 1481 735 si
1513 699 1615 746 quid

304 755 383 804 ipsi
405 755 644 791 humanitus
660 753 885 797 accidisset,
900 755 940 789 in
953 766 1101 802 regnum
1120 754 1332 789 succederet.
1358 755 1411 790 Ex
1426 755 1616 791 Herodoto

306 823 386 847 non
417 810 572 859 liquet,
601 809 657 846 sic
679 809 932 858 designatum
959 819 1217 844 successorem
1233 835 1243 851 ,
1269 807 1302 843 si
1333 814 1443 856 pater
1466 820 1487 845 e
1507 810 1616 846 hello

305 866 438 902 salvus
466 865 667 909 rediisset,
695 876 788 900 cum
815 863 890 899 illo
916 863 1030 900 velut
1053 863 1244 912 collegam
1278 875 1477 913 regnasse,
1507 864 1616 913 quod

304 921 385 957 viri
413 920 519 957 docti
550 926 683 957 tamen
710 919 892 956 statuisse
913 918 1128 954 videntur:
1160 917 1241 954 vid.
1271 920 1331 955 ΕΖ.
1354 919 1545 968 Spanhem.
1565 919 1616 956 ad

305 976 437 1013 Iulian.
461 989 500 1024 p.
519 977 593 1023 278
617 986 698 1024 seq.
745 975 876 1024 Quam
907 973 1092 1021 deinceps
1113 980 1274 1010 enarrat
1292 974 1408 1010 Darii
1429 973 1616 1011 filiorum

305 1031 421 1067 litem
440 1031 486 1067 ab
508 1034 584 1080 ipso
602 1032 714 1068 Dario
735 1029 955 1066 secundum
968 1031 1125 1066 Xerxen
1147 1028 1478 1076 pronunciatum,
1495 1029 1616 1067 illam

306 1092 393 1135 post
424 1087 549 1134 patris
582 1086 740 1122 obitum
766 1098 788 1121 a
823 1090 966 1133 patruo
997 1084 1112 1121 velut
1145 1084 1300 1120 arbitro
1331 1084 1616 1132 compositam,

304 1141 436 1178 alium
473 1147 678 1178 auctorem
710 1140 897 1188 sequuti,
933 1139 1190 1176 tradiderunt
1227 1139 1384 1176 Iustinus
1414 1141 1460 1176 Π.
1487 1153 1548 1176 10.
1575 1145 1617 1176 et

303 1197 495 1234 Plutarch.
519 1198 561 1233 T.
577 1199 622 1233 ΙΙ.
652 1210 689 1245 p.
711 1198 803 1240 488.
826 1210 860 1232 D.
886 1195 982 1230 hinc
994 1196 1148 1231 Simson.
1171 1194 1321 1231 Chron.
1343 1197 1392 1232 A.
1412 1197 1465 1232 M.
1493 1196 1616 1232 3520.

304 1252 411 1289 conf.
430 1253 563 1290 Iulian.
586 1253 657 1288 Or.
677 1253 705 1288 Ι.
727 1264 765 1299 p.
788 1250 850 1287 33.
875 1264 908 1286 B.
932 1256 970 1286 et
986 1252 1179 1299 Spanhem.
1213 1263 1251 1298 p.
1275 1263 1365 1293 2¹7·
1396 1251 1615 1289 VALCK.

373 1307 468 1344 Ibid.
497 1305 594 1345 κατοὶ
624 1305 682 1344 τᾶν
711 1306 855 1354 Πεεσέων
880 1304 1000 1352 νόμον)
1031 1307 1161 1354 Legem
1190 1305 1292 1341 hanc
1318 1306 1530 1350 Persarum,
1557 1318 1616 1342 so-

305 1362 414 1407 lius,
442 1361 550 1411 quod
583 1360 749 1410 quidem
782 1360 980 1404 memini,
1010 1361 1190 1396 Herodoti
1226 1360 1454 1397 testimonio
1481 1361 1617 1410 cogni·

306 1424 410 1462 tam,
428 1419 472 1454 Β.
487 1418 652 1454 Brisson.
673 1417 794 1466 Regn.
822 1417 923 1452 Pers.
944 1414 1017 1452 lib.
1039 1417 1067 1451 Ι.
1091 1430 1126 1465 ς).
1148 1414 1294 1464 tetigit.
1322 1418 1414 1452 Lata
1439 1417 1616 1478 pruden-

305 1480 366 1510 ter
394 1473 501 1513 fuit
528 1485 599 1517 ne,
634 1483 721 1521 rege
752 1482 911 1520 peregre
943 1470 1035 1506 fatis
1073 1470 1234 1514 functo,
1270 1470 1317 1506 de
1350 1471 1615 1518 successione,

304 1529 452 1565 damno
478 1527 656 1572 civium,
678 1527 769 1562 iure
789 1533 861 1562 aut
878 1537 989 1574 mage
1010 1525 1115 1561 ferro
1133 1525 1436 1573 disceptaretur.
1467 1527 1614 1564 Eadem

304 1587 439 1622 caussa
466 1583 712 1631 Eurystheus
729 1608 740 1627 ,
772 1582 815 1617 in
839 1580 1068 1617 Heraclidas
1093 1580 1347 1629 profecturus
1362 1607 1371 1624 ,
1393 1580 1560 1625 Μυκήνας
1579 1595 1615 1620 τε

306 1641 367 1677 καὶ
386 1637 444 1676 rn'v
465 1637 596 1686 α’ρχνὶν,
618 1635 714 1675 uari
739 1635 781 1674 τό
804 1636 937 1678 οἰκεῖον,
963 1638 1087 1672 Atreo
1107 1635 1297 1672 conmisit
1315 1636 1421 1684 apud
1442 1637 1612 1689 Thucyd.

304 1696 333 1731 Ι.
359 1708 397 1744 9.
442 1693 557 1741 Quod
586 1694 745 1729 Iustinus
769 1698 904 1728 autem
937 1691 985 1727 de
1006 1691 1150 1731 Dario,
1177 1692 1227 1726 ab
1252 1692 1473 1727 Artaxerxe
1502 1698 1614 1740 patre

303 1749 349 1784 in
375 1747 487 1797 regni
514 1748 741 1784 societatem
771 1746 941 1789 adscito,
968 1755 1100 1782 contra
1121 1760 1254 1782 morem
1276 1747 1485 1791 Persarum,
1516 1748 1614 1797 apud

303 1818 390 1854 quos
420 1817 484 1840 rex
503 1818 578 1840 non
604 1805 673 1839 nisi
705 1808 819 1838 morte
840 1808 1020 1847 mutatur,
1054 1802 1125 1838 lib.
1150 1804 1199 1837 X.
1224 1813 1256 1837 c.
1286 1814 1316 1838 1.
1341 1801 1378 1837 id
1405 1802 1501 1838 hinc
1519 1815 1612 1839 con·

303 1858 489 1895 vellitur.
530 1859 680 1896 Conser
707 1859 769 1894 ΕΖ.
793 1858 986 1907 spanhem.
1018 1856 1065 1892 ad
1093 1857 1227 1893 Iuliani
1258 1857 1328 1892 Or.
1347 1858 1377 1894 1.
1406 1870 1492 1908 pag.
1516 1870 1606 1909 279.

361 1982 398 2019 9.
436 1968 666 2016 ἐπρέσβευε
689 1964 1034 2024 Ἀρτοβαξοένηε)
1080 1965 1183 2003 Hine
1214 1967 1440 2011 Hesychius:
1471 1966 1572 2015 'Eme‘
1572 1983 1610 2005 ο·-

299 2024 397 2067 βενε,
430 2021 656 2072 πρεσβύτατος
684 2025 733 2062 ἦν.
771 2022 932 2058 Thomas
961 2020 1089 2059 M.1n
1114 2027 1178 2070 Hcs
1181 2021 1260 2060 σ’Βε·’
1228 2038 1277 2060 vo
1282 2037 1373 2059 vrou:
1407 2021 1556 2070 noecsss'
1523 2039 1606 2067 eva),

299 2095 362 2117 και
389 2076 430 2115 τέ
451 2077 614 2126 πρεσβύτε
617 2093 669 2125 σος
696 2077 782 2118 εἶμτι
813 2089 936 2125 quam
970 2076 1012 2112 in
1043 2088 1124 2112 rem
1161 2077 1252 2112 haec
1277 2076 1408 2113 adfert
1431 2078 1612 2114 Herodoti

300 2138 340 2169 et
375 2133 601 2183 Thucydidis
639 2132 772 2167 verba.
832 2132 1020 2180 Sophoclis
1062 2131 1262 2180 Polynices
1300 2132 1397 2168 Oed.
1438 2132 1481 2168 in
1519 2133 1606 2170 Col.

300 2199 355 2225 vs.
379 2201 390 2223 1
403 2197 447 2232 42
460 2189 495 2224 8.
525 2185 660 2236 [1422.
674 2185 732 2222 ed.
749 2183 837 2234 Br.]
868 2186 1014 2235 Alo-xgw‘v
1035 2208 1051 2214 -
1070 2207 1087 2214 —
1104 2208 1121 2214 -
1140 2185 1180 2224 τδ
1201 2185 1407 2234 πρεσ.ὃε·.ἷπντ’
1426 2188 1482 2228 ἐμὲ
1506 2185 1606 2225 Οὕτω

298 2244 467 2286 ’γελοῖα-θαι
494 2242 556 2280 τοῦ
586 2239 790 2283 κκσιγνῆτου
820 2239 933 2288 ποὲρκι
975 2249 1060 2278 erat
1090 2241 1163 2277 ille
1191 2242 1356 2289 quidem
1387 2242 1607 2278 secundum

298 2297 495 2346 Euripiden
521 2304 617 2333 natu
641 2296 797 2337 minor,
820 2296 881 2331 sed
898 2297 1010 2345 soph.
1030 2297 1073 2332 in
1096 2296 1231 2333 eodem
1251 2296 1407 2333 dixerat
1429 2297 1608 2333 dramate

297 2365 354 2390 vs.
375 2352 466 2389 566.
497 2350 539 2390 ‘O
563 2354 620 2394 μὲν
644 2350 760 2397 νεάζων
783 2352 841 2388 uxi
867 2350 973 2398 χρόνῳ
1000 2356 1096 2391 μείων
1123 2351 1230 2394 γεγώς
1254 2350 1322 2389 Τἂν
1350 2350 1469 2398 πρόσθε
1499 2368 1609 2393 γεννη-

298 2407 406 2445 θέντα
425 2409 605 2446 Πολυνείκη
624 2406 746 2454 θρόνων
767 2405 1026 2454 'Amo-riphaea.
1067 2408 1245 2442 Herodoti
1265 2405 1604 2454 Ἀρτοβαζάνης,

299 2462 516 2512 (Plutarcho
535 2468 574 2498 et
593 2462 791 2499 Themistio
810 2473 850 2508 p.
870 2471 934 2509 74.
952 2475 989 2498 ι).
1009 2460 1222 2510 Ἀριαμένης,
1255 2468 1376 2510 atque
1397 2461 1455 2498 ita
1476 2462 1608 2498 forsan
