1718 2919
316 239 394 286 164
597 230 1339 276 ADNOTATIONES

311 352 383 390 per
413 339 584 389 Aegaleo
607 344 742 375 monte
773 343 812 375 et
833 338 979 376 vicinis
1011 340 1307 389 fragmentum,
1335 340 1512 378 Wassius
1541 337 1610 376 ob-

308 396 409 432 litus
430 407 510 431 non
535 394 635 439 suit,
652 394 717 430 sed
736 394 836 430 situs
857 394 980 430 huius
997 397 1150 444 Aegalei
1174 395 1239 431 vir
1258 407 1423 444 magnus
1441 395 1488 431 ad
1502 397 1607 432 Stra-

307 451 390 487 bon.
414 450 489 486 lib.
510 452 615 487 VIII.
635 463 673 497 p.
699 449 788 486 550.
809 445 878 499 [p.
897 449 987 499 559.
1005 462 1036 485 c.
1055 450 1116 486 ed.
1137 446 1247 500 Cas-J
1277 452 1333 488 W
1347 450 1455 487 ESS.

365 518 411 540 22
427 513 520 549 -24,
549 503 630 552 πρὸς
655 502 691 541 δὲ
719 502 784 541 ἔτι
807 506 865 541 καὶ
886 503 1185 551 προσεβάλετο
1203 525 1219 532 -
1234 528 1249 536 -
1268 525 1285 532 -
1310 504 1427 542 τούτου
1446 505 1507 543 roo*
1524 510 1601 542 Φοι-

305 559 425 600 νικηίου
443 556 592 607 ποέθεος)
618 560 704 595 Aut
723 558 876 606 aliquis
898 559 995 595 latet
1016 571 1147 603 error,
1167 565 1239 594 aut
1259 559 1397 595 Latina
1418 564 1599 607 peccant:

304 627 425 664 prava
445 625 544 659 esse,
563 627 642 650 non
664 613 838 663 ambigo.
855 611 1032 664 [Tenuit
1054 616 1182 651 Vallae
1201 614 1339 650 Latina
1360 614 1488 651 Wess.
1503 626 1599 651 cum

305 672 421 709 Gron.
441 681 544 719 quae
564 669 688 705 huius
712 669 820 705 modi
841 674 978 704 erant:
1013 671 1112 719 Quin
1136 671 1246 705 etiam
1263 670 1358 705 cladi
1384 670 1599 706 Phoenicum

301 729 361 790 qui
387 727 564 770 aderant,
597 725 742 761 additus
765 731 819 760 est
850 726 966 760 Arzav
967 738 1087 760 amnes
1104 750 1114 768 ,
1145 738 1357 774 quamquam
1383 726 1517 761 amicus
1543 738 1600 761 re-

300 784 371 832 gis.
363 778 399 831 .]
424 779 538 817 Unde
553 779 664 815 enim
680 778 986 815 Ariaramenem
1005 779 1109 815 cladi
1132 779 1373 815 Phoenicum
1388 778 1597 815 victimam

299 836 521 879 accessisse,
548 836 690 871 confit.
686 841 700 862 Ρ
721 835 809 882 Qua
831 834 1007 870 hominis
1023 835 1160 881 culpa.
1156 841 1170 862 Ρ
1193 835 1259 870 An
1279 832 1500 881 προσεβάλετο
1519 832 1596 872 τού-

301 909 358 930 του
390 908 447 929 του
482 896 524 928 Φ.
549 888 634 927 ποὲθε
626 906 669 931 -ος
693 889 787 925 haec
819 888 998 925 indicare
1030 896 1121 937 apta
1153 895 1280 925 sunt?
1313 889 1460 925 Saltem
1488 888 1597 925 alius

299 947 420 985 verbo
441 957 552 981 casus
584 943 788 980 adfuisset.
834 946 952 980 I'orro
983 945 1009 981 οἱ
1038 947 1097 986 μὲν
1124 941 1161 983 δή
1186 951 1253 980 etc.
1280 955 1383 992 quae
1402 943 1596 980 continuo

301 1006 402 1051 post,
431 1001 647 1037 Phoenicum
675 999 880 1047 postulant
900 1011 1062 1047 poenas,
1092 999 1227 1034 nullas
1247 1000 1511 1035 Ariaramenis.
1539 999 1597 1034 At

299 1059 516 1094 obscurum
545 1060 583 1090 et
603 1055 817 1090 molestum
847 1060 1067 1102 perseverat
1084 1052 1306 1101 προσεβάλετο
1325 1074 1342 1081 -
1359 1073 1377 1081 -
1398 1051 1514 1091 τούτου
1535 1053 1598 1090 τοῦ

300 1118 386 1150 Φοιν.
401 1109 541 1152 πάθεος,
562 1121 693 1157 neque
710 1109 931 1157 dissipatur
951 1111 1048 1146 Pavii
1067 1108 1219 1144 Latinis
1232 1135 1241 1152 ,
1261 1108 1306 1144 ab
1323 1122 1362 1145 eo
1387 1107 1599 1157 increpaba-

298 1174 358 1203 tur
370 1178 542 1215 praesens
559 1170 710 1213 propter
726 1164 822 1199 hanc
846 1165 1061 1200 Phoenicum
1076 1177 1251 1212 poenam,
1271 1175 1393 1212 quam
1414 1163 1599 1211 depreca-

297 1222 334 1259 ri
352 1221 556 1260 voluerat3
576 1231 669 1254 nam
683 1245 692 1263 ‚
721 1218 924 1266 deprecari
944 1219 1248 1255 Ariaramenem
1272 1217 1444 1254 voluisse
1457 1245 1467 1263 ,
1491 1217 1597 1254 unde

298 1275 415 1313 nobis
447 1278 580 1322 paret,
610 1278 649 1309 et
680 1274 750 1308 ubi
782 1271 1053 1321 προσ-βάλλεσθαι
1086 1273 1156 1308 tali
1186 1272 1375 1309 notione?
1409 1275 1595 1309 Errorem

298 1332 423 1367 latere
443 1328 638 1372 arbitror,
660 1334 699 1364 et
717 1344 765 1376 πρ
778 1344 792 1365 ο
805 1343 847 1364 σε
859 1339 881 1365 λ
893 1326 967 1367 κ’,Θε
980 1345 999 1365 τ
1012 1345 1025 1365 ο
1038 1354 1048 1370 ,
1067 1339 1169 1375 quae
1188 1329 1343 1376 elegans
1357 1329 1490 1364 Reiskii
1503 1340 1597 1364 con-

298 1387 452 1422 iectura
466 1410 476 1428 ‚
499 1381 751 1431 fingendum3
776 1388 820 1418 ut
835 1382 1053 1427 innuatur,
1071 1385 1363 1427 Ariaramenem,
1381 1384 1496 1419 virum
1509 1383 1597 1419 Per-

297 1455 397 1485 sam,
416 1440 541 1475 Ionum
557 1440 730 1482 amicum,
758 1451 836 1473 cum
854 1451 1026 1486 praesens
1046 1438 1206 1482 adesset,
1235 1440 1477 1474 calamitatem
1494 1439 1596 1474 illam

297 1496 515 1534 Phoenicum
533 1494 717 1529 adiutasse
740 1492 1008 1528 criminando.
1038 1493 1165 1528 Placet
1189 1493 1378 1529 Abreschii
1404 1496 1498 1536 φίλος
1518 1491 1545 1529 Ἰ
1555 1491 1598 1529 ω’·

300 1568 362 1588 νων
386 1548 464 1590 ἐών,
495 1547 671 1584 adeundi
701 1547 839 1584 Diluc.
874 1548 1080 1598 Thucydid.
1103 1561 1187 1597 pag.
1221 1561 1307 1584 112.
1335 1547 1513 1585 WESS.
1543 1566 1594 1574 -—

298 1605 405 1642 Vide
428 1604 520 1640 Var.
533 1605 635 1639 Lect.
673 1601 839 1641 Ἐλοέβετο
863 1608 902 1638 et
922 1601 1060 1642 ἐβάλετο
1074 1629 1084 1646 ,
1109 1604 1336 1651 horumque
1356 1601 1571 1650 composita
1585 1628 1596 1646 ‚

299 1672 422 1709 quam
452 1658 571 1694 facile
600 1657 707 1693 inter
732 1669 771 1693 se
795 1658 1018 1704 permutari
1045 1669 1114 1705 per
1137 1657 1401 1693 librariorum
1428 1656 1597 1693 oscitan-

298 1715 398 1752 tiam
416 1713 644 1761 potuerint,
662 1711 754 1748 satis
767 1712 943 1760 adparet.
961 1710 1184 1761 προσεβάλετο
1198 1712 1362 1760 quidem
1382 1724 1461 1748 non
1480 1711 1597 1748 modo

298 1782 392 1807 cum
410 1765 557 1815 Schaef.
579 1767 733 1811 tenuit,
753 1767 816 1802 sed
837 1767 982 1803 diserte
1001 1767 1122 1802 etiam
1147 1767 1325 1804 defendit
1341 1768 1594 1811 Schulzius5

299 1838 380 1861 non
396 1823 717 1859 animadvertens
729 1848 738 1866 ,
753 1823 923 1859 verbum
937 1820 1206 1869 προσ-βοέλλεσθκι
1222 1821 1271 1870 (si
1290 1822 1405 1858 modo
1425 1833 1595 1869 usquam

300 1879 374 1917 tali
407 1878 582 1927 quadam
613 1877 776 1914 notione
805 1883 1046 1924 usurpatum
1074 1875 1300 1924 reperitur)
1335 1877 1453 1913 nullo
1482 1881 1594 1924 pacto

299 1945 408 1983 posse
438 1945 531 1969 cum
552 1932 729 1982 genitivo
748 1944 838 1968 casu
865 1931 1070 1975 construi,
1096 1944 1177 1980 quo
1197 1944 1241 1967 ea
1262 1932 1424 1979 prodeat
1438 1936 1596 1967 senten-

298 1990 355 2026 tia
374 1998 500 2037 quam
519 1988 604 2035 ipse
624 1986 703 2024 Vir
722 1987 859 2023 doctus
879 1986 974 2022 huic
995 1987 1079 2022 loco
1108 1986 1297 2022 subiecit:
1325 1989 1467 2036 insuper
1485 1988 1594 2023 etiam

298 2064 317 2072 -
333 2065 350 2071 -
367 2064 384 2071 -
403 2045 559 2079 contulit
587 2043 637 2078 ad
655 2044 756 2078 illam
785 2043 997 2078 Phoenicum
1020 2042 1169 2077 cladem.
1210 2042 1392 2078 Verbum
1421 2041 1595 2083 συμβαλέ-

298 2099 373 2136 σθαι
410 2097 596 2134 novimus
626 2096 700 2132 ista
729 2097 892 2132 notione
930 2096 1128 2143 positum,
1156 2096 1221 2132 sed
1253 2096 1407 2132 diversa
1440 2095 1595 2132 ratione

298 2157 598 2194 constructum3
631 2152 744 2187 velut
771 2151 874 2199 apud
911 2153 1060 2200 Lysiam
1075 2179 1085 2194 ,
1115 2163 1199 2199 pag.
1235 2151 1322 2187 105.
1354 2150 1412 2188 ed.
1445 2151 1596 2196 Reislcii,

301 2210 449 2254 πλεῖς-τοι
471 2205 550 2251 ὑπὲρ
577 2206 636 2247 τῆς
655 2206 824 2253 ἐλευθερίας
851 2222 898 2243 συ
911 2221 945 2242 νε
958 2204 1014 2242 Βοέ
1026 2215 1146 2242 λοντο
1164 2221 1170 2238 :
1207 2211 1244 2241 et
1260 2205 1365 2253 apud
1383 2206 1512 2256 Polyb.
1529 2206 1594 2242 III.

331 2275 375 2306 o,
400 2274 437 2307 7·
463 2263 609 2297 πλεῖστοι
633 2258 920 2299 συνεβάλοντο
952 2258 1032 2306 πρές
1054 2258 1112 2299 τήν
1134 2259 1298 2296 σύστασιν
1328 2261 1390 2297 τοῦ
1419 2261 1590 2302 πολέμου,

301 2316 374 2352 ubi
406 2327 612 2363 perperam
636 2313 711 2350 alii
739 2314 838 2350 libri
868 2313 1096 2352 συνελάβοντο.
1134 2314 1415 2363 Similiterque
1445 2314 1487 2350 in
1517 2314 1594 2349 illo

299 2370 488 2407 Strabonis
508 2370 615 2412 loco,
641 2380 761 2416 quem
789 2381 835 2404 ex
863 2368 970 2403 libro
989 2370 1090 2404 XIII.
1111 2381 1148 2416 p.
1174 2371 1288 2418 1289.
1309 2370 1368 2406 ed.
1391 2369 1592 2406 Almelov.

298 2425 432 2461 nescio
454 2437 534 2473 quo
561 2435 695 2459 errore
718 2423 824 2460 idem
852 2423 1034 2459 Schulzius
1056 2423 1267 2466 excitavit,
1287 2422 1375 2461 πολύ
1391 2421 1422 2461 δὲ
1441 2423 1483 2466 εἷς
1493 2423 1591 2461 τοῦτο

298 2478 447 2523 ἑῬὤμη
482 2477 804 2527 προσελάβετο,
846 2477 1068 2515 videndum.
1103 2490 1152 2514 ne
1192 2480 1498 2527 προσέβαλετο
1531 2476 1591 2513 ibi
