1718 2919
262 240 361 280 An
408 239 815 280 HERonor.
861 239 1231 290 vum-216.
1337 255 1389 295 47

106 362 160 372 --
196 343 303 382 Vide
331 344 626 382 Animadverss.
655 345 699 381 in
729 346 866 383 Athen.
893 347 938 382 T.
962 346 1065 382 VIII.
1090 358 1266 394 nuperae
1295 348 1391 386 edit.
1446 376 1452 380 .

107 412 146 447 p.
174 399 248 435 362
281 412 358 448 seq.
410 402 499 437 Uno
524 401 718 438 vocabulo
746 402 944 446 λυχναψίαν
967 401 1228 449 cephisodorus
1264 402 1388 449 dixit,

104 460 205 491 teste
216 455 406 492 Athenaeo
427 455 499 492 lib.
517 458 606 492 XV.
632 468 670 503 p.
688 467 780 501 702.
797 455 835 491 b.
863 453 909 493 S.

167 511 203 545 8.
231 506 545 559 κατεδέδεκτο)
574 511 737 558 Propter
754 511 927 547 Aldinum
944 506 1150 548 κατεδέδκιτο
1169 512 1221 548 Η.
1240 513 1391 561 Stepha-

108 577 190 608 nus,
219 563 388 600 videnda
407 576 484 601 esse
501 577 602 612 quae
616 564 717 601 alibi
735 565 966 612 scripserat,
992 565 1150 601 lectores
1168 574 1390 604 monuerat.

110 619 311 656 Gronouius
333 630 445 655 vero:
486 621 576 669 Quis
603 622 662 656 ille
678 622 851 668 angulus,
877 620 934 655 ubi
959 620 1160 668 Stephanus
1187 624 1393 658 mussitave-

108 675 160 709 rit
188 675 231 709 de
251 675 320 710 hoc
345 688 421 711 non
441 675 674 724 intelligendo
697 677 796 719 loco,
825 681 862 710 ut
885 675 1002 710 iubeat
1030 676 1168 719 videre,
1192 689 1281 724 quae
1306 677 1393 713 alibi

105 729 266 765 dixerit?
309 728 474 765 Dixerat
506 728 554 764 ad
588 729 772 766 Plutarchi
794 729 985 765 Theseum
1015 741 1053 776 p.
1074 730 1110 766 5.
1141 730 1210 766 Ed.
1231 731 1392 783 Bryani,

106 779 263 825 δαίμονας
277 783 509 819 descendere
534 796 580 819 ex
600 781 679 821 δαίω
694 783 800 831 apud
822 785 1045 820 Herodotum
1057 798 1070 828 ,·
1098 784 1169 833 qui
1190 785 1392 833 conposito

107 833 337 880 κατεδέδοιιτο,
360 838 466 887 quod
486 838 580 874 inde
599 844 674 883 est,
705 844 845 874 utatur
866 851 937 886 pro
954 841 1104 887 cognita
1123 846 1201 876 erat
1216 852 1283 876 seu
1307 854 1394 876 con-

101 899 232 941 perta,
255 892 569 942 adposueratque
588 894 681 929 haec
697 893 843 930 Nostri.
879 894 1073 938 Profecto,
1103 895 1218 930 modo
1237 895 1394 930 scheda-

107 959 202 983 rum
239 947 492 985 stabiliretur
525 945 805 986 κατεδέδοιιτο
842 948 1038 997 imperio,
1070 949 1176 984 haud
1210 949 1392 986 inficete:

107 1014 284 1049 namque
305 1003 348 1038 in
373 1004 492 1040 verbo
517 1003 623 1038 nihil
652 1010 807 1051 praeter
830 1004 1035 1039 raritatem
1055 1002 1178 1048 inest,
1200 1005 1304 1052 quod
1334 1016 1393 1040 re-

108 1057 348 1105 prehendas:
376 1058 636 1106 reprehendes
667 1064 796 1093 tamen
818 1057 973 1094 iniuria
989 1084 998 1102 ,
1021 1070 1112 1094 cum
1135 1059 1228 1095 talia
1250 1071 1288 1095 se
1309 1072 1393 1106 pas-

107 1111 184 1147 sim
204 1111 312 1149 dent.
342 1114 452 1160 Quae
476 1113 638 1161 quidem
667 1125 746 1148 non
774 1124 817 1148 eo
841 1113 1003 1160 scripsi,
1031 1119 1076 1148 ut
1101 1111 1306 1151 κατεδέδεκτο
1330 1113 1393 1149 in-

109 1168 276 1213 probare
294 1167 416 1203 velim
435 1194 445 1212 ,
469 1168 532 1204 sed
562 1175 607 1203 ut
630 1166 862 1216 ingentibus
886 1168 1061 1216 Stephani
1087 1168 1242 1204 meritis
1266 1168 1392 1217 gratia

106 1228 338 1269 perseveret.
376 1223 551 1259 WESS.
592 1243 644 1248 —
691 1224 861 1258 Fortasse
897 1239 918 1259 κ
931 1219 1188 1260 οιταὸέδεκτο
1218 1224 1392 1272 neglecto

105 1284 319 1326 augmento
344 1277 553 1324 scripserat
573 1283 734 1321 auctor,
764 1276 869 1324 quod
898 1277 1105 1324 probabile
1134 1277 1229 1313 facit
1249 1278 1393 1314 codicis

104 1332 220 1369 Arch.
238 1332 457 1380 scriptura,
482 1344 584 1380 quae
604 1344 652 1368 ex
672 1332 827 1367 duabus
852 1331 1085 1379 scripturis,
1114 1330 1330 1370 καταδέδεκτο
1355 1339 1394 1369 et

105 1384 332 1431 κατεδέδεκτο,
362 1387 548 1434 imperite
571 1387 720 1423 iunctis
741 1393 831 1422 nata
851 1386 1023 1422 videtur.
1069 1387 1195 1422 Miror
1213 1399 1325 1429 vero,
1344 1387 1394 1423 ad

107 1440 201 1477 haec
217 1453 318 1489 quae
331 1443 523 1478 continuo
538 1441 834 1484 subiiciuntur,
850 1442 948 1478 ἐοῦσα
961 1439 1046 1478 οὐδὲν
1062 1440 1189 1488 >agno-rr)
1207 1443 1391 1485 Μηλιεῦσι,

107 1495 217 1530 nihil
243 1507 266 1531 a
290 1497 404 1532 Viris
432 1495 555 1532 doctis
582 1496 816 1532 adnotatum
846 1494 1030 1542 reperiri.
1075 1497 1154 1531 Nec
1173 1496 1281 1531 enim
1302 1503 1393 1544 apta

107 1550 322 1586 admodum
353 1551 402 1586 ad
428 1562 531 1595 rem,
559 1562 661 1599 quae
682 1551 747 1586 h1c
763 1550 923 1599 agitur,
949 1550 1143 1586 sententia
1170 1557 1246 1595 est,
1271 1564 1394 1599 quam

107 1606 236 1641 PVess.
255 1617 347 1640 cum
368 1606 483 1641 Gron.
503 1605 563 1640 his
584 1604 714 1641 verbis
734 1604 853 1653 (quae
873 1604 1028 1641 Graecis
1047 1604 1210 1651 quidem
1230 1606 1394 1642 adcura-

107 1665 145 1695 te
168 1659 297 1695 videri
328 1666 509 1708 poterant
536 1660 790 1708 respondere)
821 1659 1028 1706 expressit:
1058 1666 1093 1696 et
1115 1674 1158 1695 ea·
1184 1667 1287 1697 tanto
1308 1668 1393 1697 tem-

99 1727 191 1763 pore
206 1722 425 1751 monstratus
446 1722 498 1751 est
521 1714 619 1763 (ille
639 1713 797 1761 trames)
819 1715 911 1750 nihil
929 1715 1026 1750 utilis
1046 1716 1294 1752 Meliensibus:
1314 1715 1394 1752 nisi

104 1768 211 1804 istud
234 1770 326 1806 nihil
340 1771 436 1806 utilis
458 1769 529 1805 tali
550 1770 723 1818 quadam
750 1769 907 1805 ratione
926 1768 1150 1816 accipiatur
1164 1796 1173 1813 ,
1192 1770 1304 1817 quali
1324 1783 1393 1807 nos

103 1821 359 1871 interpretati
375 1837 530 1868 sumus,
552 1827 622 1860 iam
641 1827 743 1868 olim,
759 1825 1048 1874 quemadmodum
1064 1826 1168 1860 eliam
1187 1832 1290 1869 tunc,
1304 1828 1395 1861 calle

104 1879 168 1915 illo
188 1882 280 1915 male
296 1893 375 1916 usos
391 1893 467 1916 esse
479 1881 685 1916 Malienses.
714 1882 874 1915 Prorsus
894 1884 1002 1914 extra
1022 1879 1125 1914 oleas
1152 1879 1214 1915 h1c
1233 1887 1392 1928 vagatus

109 1934 240 1981 Valla,
270 1933 362 1977 ἔκτές
383 1934 419 1971 ου’
446 1946 517 1982 pro
537 1932 578 1971 ἔκ
600 1949 634 1971 τε
662 1932 762 1972 τόσου
787 1935 939 1982 legens,
965 1940 1004 1969 et
1031 1930 1213 1971 κατεδέδετο
1245 1933 1391 1982 (puto)

106 2000 179 2036 pro
207 1985 436 2030 κατεδέδεκτο,
472 1988 576 2024 mira
609 1989 781 2037 quadam
811 1988 1076 2024 hariolatione
1109 1987 1164 2023 sic
1197 1989 1392 2026 convertit

104 2042 215 2079 hunc
235 2043 389 2080 locum:
419 2045 648 2081 Extrinsecus
671 2044 762 2080 nihil
780 2044 967 2079 admodum
986 2050 1195 2092 praeseptus
1215 2046 1391 2080 transitus

104 2104 203 2133 erat.-
228 2111 330 2146 quum
355 2098 447 2134 nihil
469 2105 560 2135 esset
581 2100 681 2135 utilis
701 2098 947 2135 Maliensibus.
973 2097 1020 2136 S·

217 2149 363 2191 CAP·
392 2150 616 2192 CCXJJI.
648 2154 682 2190 5.
712 2152 807 2191 κατοέ
829 2169 863 2190 τε
892 2150 1100 2192 Ἀλπκνδν
1130 2150 1250 2201 πόλιν)
1281 2153 1392 2189 Osci-

106 2209 239 2242 tanter
260 2208 382 2256 Steph.
403 2209 492 2257 Byz.
506 2234 517 2253 ,
537 2211 721 2244 conversa
738 2211 884 2257 Alpenos
902 2207 996 2243 hinc
1014 2208 1056 2242 in
1077 2210 1288 2243 Locrorum
1311 2220 1392 2244 me-

104 2262 317 2308 tropolim,
341 2264 564 2299 Herodotum
582 2263 736 2312 legisse,
753 2265 797 2299 L.
812 2265 995 2298 Holstenii
1021 2262 1124 2297 iusta
1143 2262 1393 2299 animadver-

105 2315 164 2351 sio
184 2323 252 2352 est.
271 2315 381 2362 πρώτη
399 2319 463 2355 τῶν
481 2315 638 2365 Λοκρίδων
653 2316 733 2365 arpo}
749 2319 813 2354 τῶν
833 2317 983 2356 Μηλιέων
998 2319 1138 2365 prima,
1159 2330 1239 2352 non
1258 2317 1392 2366 digni-

106 2376 208 2415 tate,
238 2371 302 2407 sed
329 2373 400 2407 situ
428 2378 524 2409 erat.
555 2373 689 2411 WES
702 2373 739 2409 S.
763 2392 816 2398 —
853 2371 997 2408 Eodem
1023 2371 1156 2407 iudice
1175 2374 1389 2418 Holstenio,

105 2425 171 2461 cui
202 2425 276 2461 alii
297 2425 587 2462 *adsentiuntur
611 2425 714 2462 docti
740 2425 844 2470 viri,
872 2438 951 2461 non
978 2426 1115 2461 differt
1144 2427 1237 2462 haec
1264 2425 1392 2466 'Am-2-

103 2478 155 2522 νδς
181 2481 282 2523 πόλις
306 2482 356 2516 ab
381 2492 424 2516 ea
448 2492 550 2528 quae
580 2479 696 2522 κώμη,
726 2479 880 2519 Ἀλπηνοὶ
902 2478 1044 2522 οὕνομα,
1071 2493 1190 2528 supra
1210 2493 1293 2528 cap.
1316 2482 1385 2527 176

102 2541 202 2572 extr.
219 2535 530 2581 nominabatur,
549 2542 588 2571 et
606 2534 713 2571 nude
729 2534 884 2575 Ἀλπηνοὶ
903 2534 1013 2571 infra
1033 2546 1118 2582 cap.
1138 2548 1226 2585 229.
1256 2534 1301 2574 S.
