1718 2919
322 174 402 226 3224
566 170 1316 220 AD‘N'OTATIONES

317 285 393 321 -Sed
420 283 639 321 videhffum
657 309 673 329 ,-
696 297 745 321 ne
773 285 879 333 apud
908 286 1114 331 stobaeum,
1140 286 1212 335 qui
1236 286 1352 322 illam
1382 286 1624 325 Archilochi

319 341 493 389 eclogam
531 340 659 378 Serm.
691 342 788 378 (3111.
809 341 997 386 servavit,
1027 353 1160 378 veram
1194 342 1435 390 scripturam
1458 341 1616 391 χρῄζων,

316 408 443 444 quam
463 407 510 431 ex
527 396 754 432 coniectura
776 397 951 433 Gesnerus
968 396 1332 441 commendaverat,
1361 398 1498 434 firmet
1512 397 1620 446 opti-

314 462 410 487 mus
440 450 559 487 codex
588 450 841 494 Parisiensis,
872 463 992 499 quem
1019 451 1119 488 olim
1146 453 1342 488 Brunckius
1370 464 1461 487 cum
1485 451 1616 490 Grotii

315 505 533 556 florilegio
559 506 778 554 diligenter
797 506 983 544 contulit.
1016 508 1131 544 Certe
1152 507 1193 542 in
1220 506 1415 543 Brunckii
1436 507 1618 543 collatio-

315 573 390 606 ne,
421 574 544 609 quam
565 562 711 598 abillo
739 561 841 597 mihi
867 562 971 598 dono
999 561 1131 598 datam
1158 562 1208 597 ob
1232 562 1367 598 oculos
1394 561 1539 606 habeo,
1563 561 1613 598 ad

312 617 484 653 verbum
515 615 666 665 χρῄζων,
692 617 800 665 quod
830 617 994 654 Grotius
1025 616 1068 652 in
1105 617 1175 652 hac
1207 617 1337 666 ecloga
1365 616 1499 665 posuit
1529 629 1614 666 pag.

316 672 409 717 457.
435 671 543 707 nihil
562 671 799 722 adnotatum
822 671 956 716 video,
985 672 1079 709 lieet
1098 672 1286 719 alioquin
1313 672 1466 708 multae
1485 672 1615 708 mani-

315 726 413 764 festo
433 727 555 763 etiam
575 727 741 763 vitiosae
763 727 948 763 lectiones
963 739 1010 762 ex
1028 727 1102 763 illo
1119 727 1251 763 codiee
1265 728 1315 763 ab
1329 726 1464 763 eodem
1485 728 1616 765 Brun-

310 782 403 818 ekio
420 782 629 818 adnotatae
655 782 751 820 sint.
779 781 852 832 S7]

337 835 340 836 ⁷
423 835 568 877 CAP.
589 834 731 875 XIV.
755 838 791 874 5.
821 837 838 874 ὁ
865 835 1066 885 ἐπιστάτης)
1100 839 1156 873 Ex
1184 836 1315 872 officio
1335 834 1610 881 admissionis,

313 893 331 929 o*
352 892 404 929 ἐπὶ
427 893 471 941 τῇ
495 893 582 941 τιμῇ
612 891 716 941 τοιύτῃ
736 892 924 935 καθεστώς,
954 898 999 928 ut
1029 892 1072 927 in
1095 898 1277 928 senatum
1305 888 1466 928 admitti
1492 892 1612 940 cupi-

310 947 378 984 dos
396 947 558 983 duceret
578 959 610 983 c.
638 960 698 984 12.
735 949 834 984 Nota
863 947 1011 983 iterum
1037 947 1139 983 mihi
1166 945 1370 996 egregium
1399 947 1611 983 vocabulo·

310 1011 403 1038 rum
427 996 682 1047 novatorem,
701 1002 772 1051 qui
793 1001 851 1043 τ-,ὶν
881 1000 1010 1050 mustum·
1031 1009 1070 1038 et
1094 1004 1320 1049 συμφορκίνειν
1349 1013 1399 1038 ne
1425 1001 1611 1038 recentis·

309 1057 433 1094 simae
460 1057 624 1105 quidem
648 1057 834 1095 Graeciae
864 1057 1084 1105 adprobare
1102 1056 1247 1092 valuit.
1604 1074 1605 1077 ¹

367 1127 403 1163 9.
433 1110 466 1154 ἕν
491 1112 567 1150 ποτ’
595 1110 812 1160 infima-cxv)
842 1115 970 1148 Vexat
1000 1112 1072 1149 ista
1093 1113 1166 1148 Leo
1189 1113 1372 1157 Allatius,
1402 1110 1450 1148 de
1477 1111 1608 1149 Pau-ia

307 1167 471 1204 Homeri
496 1179 529 1204 c.
556 1180 616 1205 12.
669 1169 772 1218 Quae
800 1169 893 1204 enim
919 1174 1026 1204 erant
1045 1170 1112 1203 illa
1137 1164 1286 1209 γούνατα
1315 1164 1605 1214 μητρδςάἷὸσίης,

306 1234 436 1272 genua
466 1222 607 1259 matris
637 1222 894 1264 reverendam
930 1224 969 1258 in
997 1223 1120 1272 quibus
1151 1222 1311 1270 Iuppiter·
1342 1219 1497 1265 ἄταλλε,
1532 1235 1609 1258 nu-

309 1277 478 1320 triebat3
514 1278 636 1327 quibus
669 1285 798 1326 postea
831 1279 1051 1314 inconcinna
1087 1278 1266 1313 sententia
1299 1276 1428 1321 addit,
1459 1273 1493 1316 ἦν
1531 1276 1608 1314 ποτ’

306 1331 500 1381 ἔπύργωσαν
527 1334 602 1369 λαοὶ
642 1334 819 1380 Φρίκωνος,
860 1345 984 1380 quam
1016 1331 1156 1381 populi
1189 1330 1394 1367 Phriconis
1423 1331 1608 1368 aedifica-

306 1393 420 1424 runt.
461 1390 574 1431 Sane,
597 1387 681 1436 quid
701 1386 767 1423 sibi
785 1389 871 1423 velit
895 1391 1059 1432 Auctor,
1081 1400 1154 1423 non
1173 1388 1294 1435 capio.
1321 1386 1413 1435 quid
1434 1386 1609 1424 debuisset

303 1444 438 1488 dicere,
468 1445 541 1479 iam
561 1444 736 1492 percipio.
772 1445 969 1478 Hactenus
1002 1443 1087 1478 ille.
1130 1440 1300 1479 Vexatio
1331 1440 1494 1477 cessabit
1528 1441 1608 1478 for-

309 1504 404 1534 tasse
434 1498 516 1534 leni
543 1497 763 1541 medicina,
791 1499 852 1534 ‘Hc
884 1514 951 1535 ποτ
989 1497 1203 1557 s'rtu'fyoecocv3
1242 1496 1298 1532 ubi
1329 1498 1413 1532 olim
1438 1497 1606 1533 condide-

302 1560 412 1599 runt,
449 1553 673 1589 formando.
720 1554 802 1590 Λαοι
839 1558 883 1599 Φρ
888 1555 995 1595 ίκωνος
1027 1551 1225 1596 Cumani,
1263 1562 1310 1586 ex
1345 1551 1604 1588 Locrensium

305 1614 442 1644 monte
462 1608 641 1653 Phrieio,
668 1610 785 1655 Φρικίᾳ·
801 1633 811 1648 ,
833 1605 971 1655 (Poeta
997 1609 1144 1651 Φρίκωνκ
1170 1604 1324 1653 vocat,)
1347 1618 1469 1654 prope
1484 1607 1605 1644 Ther-

302 1664 504 1712 mopylas,
527 1663 627 1700 olim
653 1662 695 1697 in
719 1661 856 1698 Asiam
874 1662 1065 1712 progressi
1085 1661 1191 1710 apud
1213 1661 1425 1698 Strabonem
1444 1662 1546 1698 XIII.
1566 1675 1605 1710 p.

305 1731 396 1770 922·
413 1733 449 1755 A.
468 1715 585 1769 [pag.
601 1719 692 1754 621.
710 1714 747 1753 A'.
765 1717 825 1754 ed.
847 1714 1231 1768 Casaub.]Consule
1252 1718 1298 1754 L.
1315 1716 1603 1754 Holsteniumad

300 1774 476 1822 Stephani
496 1775 586 1825 Byz
612 1774 655 1808 in
688 1775 828 1822 Φξίκιοι,
1570 1796 1575 1799 -

357 1826 449 1879 [18.
482 1827 515 1873 ’ές
533 1838 608 1869 σφιν
628 1835 697 1865 etc.
710 1826 723 1876 )
750 1831 899 1872 „Hunc
919 1839 1102 1864 versum.
1098 1827 1181 1867 ait
1199 1828 1404 1872 Ernestius,
1423 1824 1602 1874 (Homer.

302 1885 396 1921 Vol.
415 1887 468 1920 V.-
488 1898 526 1932 p.
549 1884 634 1922 115
653 1881 666 1932 )
687 1895 758 1919 nec
782 1883 865 1931 ipse
882 1883 1094 1932 intelligo
1117 1894 1186 1919 nec
1208 1883 1424 1931 qnisquam
1446 1881 1604 1919 intelli·

299 1945 379 1989 gat.
406 1941 488 1978 Nec
505 1940 592 1975 sine
612 1938 730 1974 libris
750 1939 901 1975 medela
920 1938 1159 1987 speranda.“
1185 1934 1256 1988 S.]

299 2020 303 2024 -
361 2008 423 2030 20.
452 1992 621 2034 τλνῖσομκι
653 1990 832 2041 οἷκροέκντα
867 1992 994 2042 (bifora)
1029 1993 1206 2041 Optime.
1251 1989 1437 2038 οἶκροέαντον
1465 2002 1600 2028 versus

301 2048 468 2086 modum
494 2048 728 2097 iugulabat‚
756 2048 860 2097 quod
885 2050 1031 2085 Pavium
1050 2049 1340 2094 Barnesiumque
1363 2046 1500 2096 fugere
1520 2059 1601 2083 non

298 2103 449 2150 potuit.
478 2105 650 2139 Praestat
667 2102 789 2138 etiam
812 2115 905 2151 prae
923 2104 1085 2152 vulgato
1104 2100 1204 2145 δῆμον
1221 2103 1250 2145 ἐς
1268 2098 1486 2140 σίλλοδκπῶν.
1507 2103 1602 2139 Bar-

295 2158 463 2194 nesiana
485 2157 638 2206 inspice
655 2157 703 2193 ad
721 2158 836 2195 lliad.
851 2158 910 2196 Ω’.
929 2161 1021 2203 481.

413 2210 558 2251 CAP.
585 2210 729 2250 XVI.
761 2221 798 2257 [4.
829 2213 963 2251 Ἰλιάδα
987 2212 1045 2254 τὴν
1075 2208 1242 2262 ἕλκ’σ-σω)
1276 2210 1467 2256 Iliadem,
1495 2222 1600 2259 quae

297 2268 448 2304 «nostris
472 2268 517 2302 in
545 2268 759 2309 manibus.
793 2267 853 2308 τῆν
884 2266 1036 2310 μεγάλην
1061 2273 1172 2303 vocat
1195 2278 1227 2303 c.
1261 2267 1324 2303 28.
1364 2267 1495 2303 Huius
1523 2266 1600 2302 fre-

294 2323 492 2370 quentior
511 2323 730 2371 adpellatio
748 2319 890 2366 Ἰλιάδος
918 2325 977 2366 τῆς
1005 2324 1141 2370 μικρῖς.
1182 2321 1389 2358 Fuerit-ne
1408 2334 1499 2358 vero
1519 2323 1600 2358 Ho-

293 2380 409 2423 -meri,
437 2383 559 2426 atque
577 2377 712 2413 eadem
731 2390 776 2413 ac
795 2376 842 2414 τοὶ
865 2377 1021 2425 Κύπρια,
1046 2389 1236 2425 magnum
1261 2376 1361 2412 olim
1384 2383 1600 2414 certamen.

296 2434 508 2471 Herodotus
527 2431 663 2481 Κύπριοι
685 2433 761 2469 ista
782 2434 917 2469 Poetae
933 2432 1140 2469 abiudicat
1158 2431 1233 2469 lib.
1252 2434 1299 2470 11.
1323 2444 1336 2467 1
1352 2445 1433 2479 17.‚
1454 2431 1598 2469 itidem
