1718 2919
296 220 395 259 AD
442 219 846 261 HERODOT.
879 221 996 261 VII.
1034 226 1201 269 41·45.
1326 224 1402 264 323

108 337 196 362 sum
217 324 360 361 Xerxis
376 324 621 361 sacrificium
636 351 645 369 ⁷
662 324 681 365 ἦ
699 322 772 362 cino*
794 326 911 369 χιλίων
930 325 1013 363 βὀὦν
1033 325 1162 369 θυσία,
1184 324 1406 361 secundum

110 381 279 416 Eustath.
308 379 517 416 dicebatur
541 378 729 421 Χιλιόμβκ.
749 380 963 416 VALCK.
1066 382 1070 385 “

171 447 231 471 10.
260 435 288 477 ἔς
306 434 346 471 ro*
370 432 588 482 στρατόπεδον
609 435 781 472 ἐνέπεσε
800 430 818 482 )
844 436 979 470 Terror
1006 435 1162 470 Punicus
1188 441 1295 471 noctu
1315 435 1343 477 ἐς
1363 434 1403 472 τέ

111 485 328 537 στρατόπεδον
355 489 500 531 ἐνέπεσε,
534 489 597 524 vel
624 489 826 526 ἔσέπεσεε
860 489 954 532 hoc,
988 496 1034 525 ut
1059 501 1106 524 ex
1126 491 1246 533 Med„
1278 490 1405 537 placet

112 544 319 588 Gronovi05
348 542 453 579 illud
467 570 476 588 7
498 550 542 580 ut
563 542 772 586 usitatius,
802 542 890 579 viro
911 543 1024 579 docto
1044 543 1087 578 in
1108 545 1277 580 Miscell.
1310 545 1405 580 Ohs.

110 600 174 635 III.
197 611 234 646 p.
262 607 349 642 144.
364 599 517 636 VALC
530 601 579 635 K.
592 619 642 624 —
671 597 817 634 Doluit
833 599 992 635 Gronov.
1011 598 1189 635 ἐσέπεσε
1210 600 1307 636 Med.
1324 611 1405 635 non

111 659 329 701 receptum.
359 654 547 690 Herodoto
570 652 650 689 alia
673 663 782 688 mens
798 679 807 697 ‚
836 654 909 701 qui
930 653 1002 688 lib.
1021 655 1091 690 IV.
1113 654 1202 689 205.
1221 657 1304 690 τοῖσι
1325 654 1408 701 Πέρ-

114 724 188 755 σῃσι
209 727 226 734 ·-
241 729 284 736 --
305 706 409 750 φόβος
438 709 582 745 ἐνέπω-ει
616 713 654 743 et
673 709 777 744 VIII.
809 708 870 753 57.
906 706 1010 751 φόβος
1027 710 1112 744 τοῖσι
1132 707 1326 755 Βαρβλροισι
1346 709 1408 744 ἐνε-

109 760 306 800 πεπτώκεεε
335 763 378 797 in
400 762 550 810 quibus
579 768 780 798 structura
800 762 1026 810 discrepans
1049 763 1252 798 neminem
1278 775 1408 798 mora-

110 816 245 861 bitur,
281 830 373 853 cum
402 818 453 853 sit
486 817 735 866 promiscua,
774 823 818 853 ut
844 819 943 853 bene
973 817 1038 853 vir
1069 816 1207 853 doctus
1241 817 1407 854 Miscell.

110 872 275 908 Observ.
293 874 336 909 T.
353 874 415 909 III.
431 884 516 921 pag.
538 880 623 917 144.
666 874 702 908 S.
725 873 842 908 Lucas
858 898 867 916 ‚
897 870 1000 915 Φόβος
1025 872 1176 909 ἐπέπεσεν
1195 871 1246 909 ἐπ’
1277 871 1380 910 αὗτᾶν
1393 898 1402 914 ,

111 928 259 975 Evang.
276 939 308 963 c.
328 940 364 971 1,
391 939 468 971 12.7
499 927 569 963 ubi
598 927 719 964 ἐνέπεσε
743 927 872 963 Codex
897 939 1012 962 unus.
1053 926 1200 963 Verior
1227 927 1406 963 eiusdem

114 982 287 1018 Gronov-ii
318 981 495 1025 notatio,
530 983 681 1029 Γέργιθας
709 980 869 1029 Τευκρούς
893 977 985 1031 [lin.
1014 978 1100 1032 13.]
1133 981 1378 1031 coniungens
1396 1009 1406 1026 ⁷

110 1048 234 1084 quani
255 1037 428 1073 consule.
452 1037 634 1075 WESS.
656 1056 707 1062 —
746 1038 902 1072 Praeter
925 1036 1070 1072 codicis
1097 1037 1159 1072 sui
1190 1037 1410 1073 auctorita-

112 1097 191 1127 tem
206 1117 215 1135 ‚
235 1091 301 1126 cui
321 1091 395 1127 alii
426 1092 561 1139 plures
588 1090 801 1135 accedunt,
829 1091 1055 1139 provocavit
1082 1093 1242 1128 Gronov.
1261 1092 1307 1128 ad
1330 1094 1407 1128 He·

109 1146 190 1182 rod.
212 1149 264 1183 V.
289 1159 358 1182 122
376 1172 386 1191 ‚
409 1148 444 1182 8.
484 1149 540 1183 Ex
566 1146 742 1194 Stephani
762 1147 853 1197 Byz.
878 1146 1119 1194 praescripto
1148 1149 1316 1194 Γεργιέέκς
1341 1159 1407 1183 ex-

108 1206 334 1249 spectasses,
348 1208 420 1238 aut
439 1202 637 1249 Γεργιθίουςτ
658 1200 721 1236 sed
741 1201 891 1249 Γέργιθας
912 1201 1129 1250 utrobique
1150 1207 1318 1239 tuentur
1333 1204 1408 1239 He-

109 1255 260 1292 rodotei
286 1255 397 1292 libri.
431 1255 477 1293 S.

221 1308 367 1350 CAP.
396 1307 582 1350 XLIV.
612 1324 645 1346 1.
680 1310 707 1347 ἐν
732 1307 887 1358 Ἀβύδῳ)
919 1309 1114 1347 Inutilem
1140 1324 1274 1348 vocem
1297 1312 1406 1360 μέσῃ,

111 1377 252 1414 parens
288 1366 521 1403 schedarum
557 1364 710 1410 iussui,
739 1365 899 1401 induxi.
940 1366 1017 1403 Cui
1052 1366 1161 1402 enim
1192 1379 1236 1403 ea
1265 1368 1405 1405 bono?

109 1423 242 1458 Reiskii
261 1434 341 1458 non
360 1421 497 1469 dispar
519 1420 712 1468 opinatio.
744 1421 927 1459 WESS.

168 1489 186 1511 2
211 1490 283 1526 seq.
303 1477 536 1524 προεπεποίητο
558 1474 624 1522 γάρ
643 1497 660 1502 -
677 1496 695 1503 -
709 1499 725 1506 -
744 1474 865 1523 αὐτῷ
889 1475 995 1524 ταύτῃ
1020 1491 1094 1524 προ
1107 1473 1219 1524 εξέδρ
1232 1493 1249 1517 n
1266 1473 1280 1524 )
1303 1473 1405 1524 ἐξέδρκ

108 1530 330 1580 corrigebat
350 1532 470 1567 Reisk.
493 1529 553 1566 uti
579 1530 695 1566 Arch.
715 1536 755 1565 et
782 1531 892 1567 Vind.
931 1532 1011 1567 Iam
1041 1530 1234 1579 quoniam
1262 1530 1405 1569 αὐτοῦ

110 1583 218 1633 ταύτῃ
239 1585 343 1622 haud
366 1585 623 1634 infrequens,
654 1585 760 1620 idem
791 1585 887 1621 huic
909 1586 1203 1622 restituendum
1226 1587 1310 1622 loco
1331 1599 1406 1634 pu-

112 1640 210 1676 tavit
228 1641 465 1684 Abreschius‚
491 1639 672 1675 Dilucid.
691 1639 866 1687 Thucyd.
894 1653 931 1687 p.
953 1641 1046 1685 [¹05.
1075 1644 1152 1690 Ego
1174 1652 1266 1677 vero
1296 1640 1406 1676 nihil

110 1694 175 1730 hic
193 1694 354 1732 innovo.
376 1695 548 1734 WESS.
573 1714 623 1720 —
654 1694 940 1743 Suspicabatur
958 1696 1053 1732 clar.
1074 1696 1249 1732 Abresch.
1267 1696 1406 1732 Diluc.

112 1750 277 1801 Thuqyd.
302 1763 339 1799 p.
355 1751 446 1795 403.
459 1776 468 1793 ‚
487 1749 564 1798 legi
585 1749 788 1785 commode
810 1762 916 1797 posse
933 1748 1039 1787 αὐτοῦ
1058 1748 1185 1799 razii-31:
1203 1750 1404 1799 quomodo

110 1816 224 1852 saepe
242 1805 430 1854 loquitur
447 1807 609 1846 Noster3
643 1805 704 1840 sed
738 1805 802 1840 hic
828 1804 962 1841 vicina
981 1805 1187 1853 requirere
1212 1805 1405 1842 videntur

111 1872 331 1907 pronomen
352 1859 465 1908 αὐτῷ,
490 1860 641 1896 Stobaeo
671 1871 833 1908 quoque
857 1860 1006 1896 lectum
1034 1873 1072 1908 p.
1095 1860 1185 1897 555.
1229 1857 1404 1908 Προεξέδρη

110 1915 233 1951 Xerxi
268 1916 318 1951 ab
352 1914 557 1962 Abydenis
594 1920 729 1962 parata
761 1914 893 1962 prima
925 1914 1029 1951 sedes
1068 1915 1189 1951 fuisse
1216 1914 1402 1958 videtur,

110 1981 213 2017 quae
238 1969 282 2005 in
303 1969 442 2005 exedra
468 1981 562 2017 prae
584 1968 756 2018 reliquis
781 1969 998 2006 emineret:
1036 1969 1149 2018 θρόνον
1180 1969 1315 2014 tiit-na&
1342 1969 1405 2005 di-

108 2024 171 2060 xit
191 2026 310 2062 Tzetz.
326 2024 436 2062 Chil.
454 2027 482 2061 Ι.
497 2037 551 2060 VS.
568 2024 661 2074 957.
686 2021 822 2072 Ἐ’ξέδροι
835 2025 934 2073 quid
948 2024 1073 2061 fuerit
1087 2054 1095 2069 ,
1118 2030 1203 2072 post
1221 2026 1404 2061 Budaeum

110 2077 248 2115 docuit
266 2082 316 2117 H.
337 2080 460 2128 Steph.
483 2079 526 2114 in
545 2079 656 2115 Thes.
683 2078 795 2128 Ling.
813 2082 880 2117 Gr.
906 2082 934 2116 Ι.
957 2093 995 2128 p.
1022 2082 1133 2124 1084.
1160 2081 1270 2128 Quae
1287 2081 1402 2117 velut

109 2131 253 2170 incerti
283 2134 497 2182 Scriptoris
525 2133 669 2170 excitat
695 2133 727 2169 is
747 2146 768 2170 e
792 2136 923 2179 Suida,
947 2136 1066 2172 verba
1098 2141 1192 2170 sunt
1224 2136 1403 2184 Diogenis

110 2189 236 2225 Lae'rt.
252 2191 322 2226 IV.
346 2202 406 2239 19.
426 2189 670 2238 quibuscum
696 2190 868 2225 conferri
892 2197 1054 2238 possunt
1069 2191 1141 2226 Dio
1163 2190 1296 2241 Chrys.
1314 2203 1402 2239 pag.

115 2244 205 2279 288.
226 2257 261 2279 n.
287 2250 325 2280 et
344 2246 569 2294 Harpocrat.
595 2244 637 2279 in
659 2257 740 2280 voc.
769 2243 917 2290 Λέσχκι.
947 2246 1160 2282 VALCK.
1187 2265 1237 2270 —
1267 2247 1312 2281 In
1335 2258 1403 2281 vo-

111 2297 194 2333 cab.
219 2295 381 2346 προεξέδρη
407 2298 419 2347 (
437 2305 483 2336 ut
502 2299 545 2334 in
564 2299 695 2335 verbis
717 2315 857 2347 προκκτ
850 2300 966 2344 {eo-9011
985 2306 1024 2335 et
1039 2297 1300 2349 monario-921)
1321 2300 1403 2335 alia

109 2351 170 2389 vis
195 2358 252 2388 est
275 2353 578 2401 praepositionis
602 2352 666 2402 πρδ
685 2360 805 2402 atque
827 2353 870 2388 in
888 2355 1007 2390 verbo
1027 2370 1143 2402 moen:
1148 2356 1273 2393 mim-0.
1302 2355 1348 2393 ὁ.

219 2404 364 2446 CAP.
384 2407 540 2448 XLV·
573 2417 610 2453 4
646 2407 736 2450 'uera'
762 2406 792 2445 δὲ
820 2425 918 2446 τουτο
945 2406 1135 2457 ἐοοίκρυσε)
1168 2412 1287 2458 Specie
1315 2411 1403 2445 alie-

112 2475 219 2507 nam,
251 2476 374 2501 revera
402 2477 502 2501 suam
532 2464 773 2501 conditionem
800 2464 1004 2513 deplorasse
1032 2464 1196 2510 videtur,
1228 2463 1402 2513 (Valerio
