1718 2919
309 239 359 277 14
576 226 1325 268 ADNOTATIONES

304 331 421 370 modo
449 331 588 369 sollers
615 345 711 368 cura
735 331 954 377 accederet,
982 332 1055 367 illa
1081 331 1279 367 Thracum
1310 331 1418 381 regio
1445 331 1605 371 utrius-

304 400 384 437 que
412 387 568 424 metalli
593 387 798 423 uberrime
824 388 944 423 ferax.
975 387 1104 423 Multa
1132 387 1193 423 Cl.
1215 387 1316 423 Βίας.
1338 388 1600 438 Caryophilus,

305 446 452 491 Opusc.
470 442 517 478 de
530 442 656 487 Auri,
673 442 864 491 Argenti,
883 448 955 477 etc.
972 441 1123 478 Metall.
1143 454 1179 488 p.
1196 443 1260 487 7-6·
1290 443 1377 478 Post
1396 444 1599 481 nonnulla

303 495 398 550 [lin.
420 493 505 548 10.]
535 497 601 534 vir
631 497 769 534 doctus
796 491 886 544 εὖρός
905 497 993 534 ἔστι
1023 494 1238 544 ὑπερβάντα,
1272 496 1320 532 ad
1349 503 1598 535 structuram

302 559 428 598 recte,
456 553 723 600 repetundum
749 559 878 588 tamen
898 562 945 586 ex
965 551 1210 587 narrationis
1229 550 1390 588 exordio
1406 579 1416 598 ,
1442 550 1542 591 ''Eo-rt
1563 550 1596 592 δὲ

304 609 342 646 ἔκ
361 609 419 651 τῆς
439 614 502 656 Πρ.
531 608 708 646 W=ESS.

415 660 559 702 CAP.
578 658 776 702 XVIII.
796 670 832 707 4.
854 660 968 699 ταῦτα’
988 677 1026 699 τε
1044 658 1158 710 ἐδίδου)
1179 662 1342 710 Explevi
1362 662 1598 707 orationem,

306 727 409 766 quae
427 718 479 754 ἐπὶ
506 718 606 762 ξείνια
624 717 657 754 si
678 718 861 761 haberet,
887 730 908 753 a
938 716 1151 765 Scriptoris
1179 717 1467 754 consuetudine
1490 717 1598 754 haud

304 770 524 809 dissideret.
554 773 658 809 Vide
678 773 751 809 lib.
772 774 815 809 ΙΙ.
842 785 928 818 107.
948 774 1015 808 IV.
1041 771 1129 815 154.
1151 774 1219 808 VI.
1239 772 1301 816 54.
1319 779 1390 809 etc.
1417 773 1598 811 WESS.

308 848 359 854 -—
385 827 731 875 Quemadmodum
749 830 815 865 IX.
838 841 931 877 109,
953 828 1012 863 15.
1031 824 1128 864 ἐδίδου
1149 826 1399 877 intelligitur
1411 830 1599 876 promisit,

306 884 519 932 spopondit,
553 884 718 919 daturum
747 897 783 919 se
810 885 884 925 ait,
913 883 968 918 sic
995 888 1033 917 et
1062 882 1099 917 h.
1128 882 1156 917 l.
1183 883 1296 919 ταῦτα
1326 879 1456 920 ἐδίδου
1485 882 1598 919 reddi

306 944 482 985 poterat,
505 938 593 974 haec
610 953 646 974 se
665 939 883 974 traditurum
898 938 959 973 vel
977 938 1119 973 tradere
1139 938 1244 973 dixit.
1276 936 1598 985 Similiterapud

305 995 512 1041 Appianum
527 1022 537 1035 ‚
563 993 812 1042 frequentem
836 993 1033 1028 I-Ieroclotei
1053 991 1147 1039 styli
1167 992 1477 1038 aemulatorem,
1497 993 1600 1029 Hist.

308 1047 455 1094 Syriae.
479 1060 562 1096 cap.
587 1062 650 1098 29.
674 1046 774 1090 διδούς
793 1054 831 1084 et
858 1045 965 1084 δοῦναι
993 1047 1098 1082 idem
1122 1048 1258 1083 valent
1280 1060 1323 1083 ac
1342 1047 1597 1093 ὑπισχνεῖσθαι,

306 1103 448 1150 offirre,
473 1106 701 1151 promittere,
727 1104 894 1139 daturum
912 1116 948 1138 se
966 1103 1152 1151 spondere.
1191 1103 1281 1150 Quo
1303 1102 1351 1138 de
1375 1112 1448 1138 usu
1474 1102 1600 1138 huius

305 1158 417 1193 verbi
451 1159 570 1193 etiam
602 1159 762 1194 fleiskius
791 1157 833 1193 in
863 1156 997 1193 Indice
1027 1157 1260 1194 Graecitatis
1290 1157 1601 1194 Demostheneae

307 1212 490 1257 monuit,
520 1219 559 1248 et
590 1225 658 1249 nos
684 1213 727 1248 in
747 1215 879 1249 Leaeico
908 1213 1107 1263 Polybiane
1128 1212 1383 1255 monuimus;
1409 1207 1480 1248 ub'i
1507 1212 1601 1261 qui-

305 1268 394 1303 dem
413 1267 520 1316 quod
541 1267 588 1304 ad
610 1269 765 1304 Indicem
785 1270 1003 1305 Graecitatis
1022 1270 1232 1316 Appianeae
1250 1266 1461 1303 amandavi
1481 1268 1601 1303 lecto-

308 1335 391 1359 rem
405 1349 414 1367 ,
432 1323 476 1358 in
503 1334 548 1358 eo
565 1334 627 1358 me
647 1323 840 1359 memoria
862 1322 1076 1358 fefellerat:
1099 1334 1242 1371 nempe
1261 1322 1304 1358 in
1323 1322 1465 1359 exsilio
1483 1328 1599 1368 tunc,

308 1378 479 1414 turbatis
500 1378 651 1426 patriae
676 1379 793 1414 rebus
809 1405 818 1423 ,
842 1377 967 1414 vitam
993 1379 1178 1426 agebam,
1203 1378 1344 1425 procul
1374 1390 1396 1413 a
1424 1377 1522 1413 meis
1542 1378 1600 1413 la-

306 1433 421 1468 ribus
436 1459 445 1477 ,
474 1433 591 1469 libris
623 1433 813 1469 omnibus
836 1432 1051 1469 destitutus
1066 1459 1076 1477 ‚
1109 1432 1245 1481 paucis
1264 1433 1436 1480 exceptis
1458 1432 1530 1480 qui
1550 1432 1599 1468 ad

305 1487 533 1524 coronidem
554 1488 716 1536 Polybio
735 1500 821 1524 meo
838 1488 1122 1536 imponendam
1145 1487 1351 1524 necessarii
1370 1486 1446 1524 visi
1465 1493 1598 1530 erant;

307 1554 518 1591 quumque
537 1543 762 1579 recordatus
781 1555 899 1579 essem
916 1569 925 1587 ,
954 1543 997 1578 in
1022 1543 1210 1591 Appiano
1238 1543 1380 1591 passim
1411 1541 1516 1578 mihi
1537 1554 1601 1578 oc-

305 1597 476 1634 currisse
498 1598 684 1634 eumdem
712 1599 823 1635 verbi
853 1598 975 1634 huius
1003 1611 1146 1642 usum,
1175 1599 1366 1646 putabam
1392 1597 1435 1633 in
1465 1597 1601 1634 Indice

305 1652 516 1700 Appianeo
545 1666 609 1689 me
638 1653 763 1689 illum
794 1653 1019 1698 adnotasse,
1050 1653 1156 1701 quod
1188 1652 1353 1701 quidem
1381 1664 1489 1689 secus
1522 1664 1603 1690 esse

307 1719 416 1743 nunc
433 1707 595 1744 demum
617 1708 900 1744 animadverti.
926 1707 970 1746 S.

363 1775 402 1808 7.
430 1762 537 1799 Illud
559 1763 600 1806 ὦς
618 1760 648 1800 δὲ
670 1762 744 1800 doro*
767 1760 892 1801 δείπνου
911 1764 1050 1805 ἐγένοντο
1069 1759 1275 1806 διαπίνοντες,
1298 1768 1337 1799 et
1355 1761 1427 1798 lib.
1445 1763 1512 1798 IX.
1535 1762 1597 1799 16.

308 1816 348 1859 ὦς
366 1814 396 1854 δὲ
417 1816 491 1855 α’πᾶ
511 1815 635 1855 δείπνου
655 1816 758 1858 ἐό-κν,
784 1815 993 1856 διαπινόντων
1017 1824 1084 1854 etc.
1111 1818 1337 1854 illustravit
1357 1818 1401 1854 P.
1418 1818 1602 1865 Leopard.

307 1873 472 1908 Emend.
490 1874 575 1909 VII.
598 1885 630 1909 1.
678 1874 789 1909 Tullii
812 1885 904 1909 vcro
929 1875 1095 1909 invitatio
1123 1880 1160 1908 ut
1184 1886 1279 1909 more
1301 1875 1440 1909 Graeco
1470 1872 1602 1908 bibere·

308 1934 387 1971 tur,
408 1932 494 1962 tum
507 1953 517 1971 ,
534 1934 689 1977 poscunt
711 1928 901 1964 maioribus
917 1930 1055 1976 poculis
1068 1956 1075 1970 ,
1094 1927 1142 1963 ad
1165 1924 1317 1965 δικπίνειν
1333 1926 1506 1977 egregia;
1528 1938 1600 1963 nec

307 1981 464 2025 minus,
482 1981 682 2030 inpudens
699 1983 846 2018 Rubrii
866 1982 1077 2032 flagitatio,
1099 1985 1241 2033 Quaeso
1264 1996 1327 2018 cur
1347 1984 1395 2019 ad
1410 1984 1602 2031 nosjiliam

306 2043 406 2072 luam
429 2051 501 2073 non
523 2039 620 2073 intro
640 2040 764 2073 vocari
783 2038 876 2074 iubes
892 2036 911 2073 ?
949 2037 1027 2075 Cui
1055 2037 1332 2082 Philodamus,
1358 2038 1474 2073 homo
1493 2049 1603 2073 sum-

307 2103 372 2126 ma
401 2092 617 2140 gravitate,
649 2095 793 2141 negavit
816 2095 923 2129 moris
949 2107 1023 2129 esse
1051 2095 1290 2136 Graecorum,
1321 2099 1358 2128 ut
1384 2095 1423 2128 in
1442 2093 1604 2128 convirio

306 2148 464 2182 virorum
485 2147 732 2183 accumberent
758 2151 934 2192 mulieres,
959 2148 1030 2184 lib.
1053 2150 1080 2184 I.
1100 2151 1219 2186 Verr.
1244 2160 1276 2184 c.
1300 2148 1362 2183 26.
1390 2148 1461 2183 uhi
1482 2148 1603 2195 plura

307 2201 535 2237 Herodoteis
560 2214 639 2237 non
660 2202 880 2239 absimilia.
910 2204 1090 2240 WESS.

364 2256 455 2292 Ibid.
490 2256 531 2298 οἷς
551 2253 580 2294 δὲ
602 2256 675 2294 dno*
700 2255 786 2295 δειπ.
809 2259 890 2299 {7:⁹-
911 2253 1209 2308 διαπίνοντες)
1236 2259 1294 2294 De
1312 2257 1435 2294 Persis
1454 2257 1603 2293 iterum

309 2310 383 2346 lib.
400 2313 468 2348 IX.
495 2311 553 2347 16.
589 2310 629 2353 ὦς
657 2309 688 2348 δὲ
718 2311 791 2350 dvo*
813 2310 938 2349 δείπνου
968 2310 1048 2349 ἔνι-,κν
1072 2310 1278 2355 διαπίνοντες.
1311 2312 1481 2361 Quando
1499 2324 1606 2348 com-

310 2371 462 2413 potores
487 2365 684 2401 dicuutur
712 2364 886 2408 ὃιαπίνειν,
915 2367 1168 2415 significatui·
1185 2397 1192 2409 ‚
1223 2367 1377 2415 poculis
1408 2378 1487 2403 sese
1514 2367 1608 2415 plu-

308 2416 468 2456 sculum
492 2419 708 2457 invitantes
732 2422 878 2457 bibendo
902 2428 1079 2467 certasse5
1097 2422 1203 2470 quod
1225 2425 1353 2459 Persas
1374 2420 1608 2470 praesertim

310 2474 442 2511 secisse
471 2476 534 2511 vel
566 2487 612 2511 ex
644 2475 694 2512 iis
725 2482 900 2521 constat,
940 2489 1043 2524 quac
1078 2489 1237 2524 prorsus
1266 2477 1419 2527 egregia
1447 2475 1562 2514 nobis
1587 2486 1612 2512 e
