1718 2919
305 209 385 250 306
566 207 1329 248 ADNOTATIONES

304 311 490 348 dentium
514 312 703 348 firmitati
718 339 727 358 ,
743 312 816 360 qui
833 312 959 349 simul
979 311 1028 348 ad
1047 312 1266 349 cedendum
1283 339 1292 357 ‚
1312 311 1416 361 quod
1437 325 1536 360 opus
1558 314 1615 350 so·

305 373 387 412 ret,
422 367 594 416 impetui
632 366 817 403 fluminis
853 368 1027 416 aptiores
1042 396 1054 414 ,
1089 380 1213 417 quam
1247 368 1355 417 tigna
1388 373 1527 417 essent.
1558 388 1610 396 -·

304 425 407 459 Haec
430 435 523 459 cum
544 422 845 471 superiorib1152
870 423 918 459 ad
950 423 1122 459 istorum
1144 423 1331 471 pontium
1361 428 1611 459 structuram

304 477 628 526 pertinentibus⁷
662 477 717 514 ita
745 491 767 514 a
790 490 853 513 me
888 478 1128 526 perscripta,
1158 478 1322 526 iamque
1350 478 1465 526 prelo
1494 482 1610 515 erant

303 533 512 570 commissa
533 550 540 576 3
578 546 708 582 quum
728 559 737 578 ‚
776 540 919 569 cuncta
959 533 1092 569 denuo
1126 534 1300 582 relegens
1317 559 1326 577 ‚
1365 532 1611 570 intellexisse

303 588 409 624 mihi
440 588 549 627 vjsus
581 601 692 634 sum,
723 588 831 623 nihil
860 601 959 636 opus
996 588 1118 624 fuisse
1137 588 1367 625 coniectura
1400 588 1498 633 illa,
1527 600 1608 637 qua

303 656 376 691 pro
407 645 467 681 τοῦ
496 647 554 686 μὲν
581 642 754 682 Πόντου
781 645 998 692 ἐπικαρσίοις,
1034 646 1101 680 lin.
1125 644 1158 680 6.
1191 645 1253 682 τοῦ
1271 646 1331 686 μὲν
1354 642 1491 691 πόρου
1514 644 1606 680 ἔτικ-

300 698 514 748 legendum
536 698 760 746 suspicatus
777 710 900 735 eram.
931 698 1075 735 Eodem
1099 698 1210 735 enim
1232 710 1291 734 res
1310 697 1426 736 redit.
1458 698 1611 734 Helles-

300 760 448 802 pontus
474 753 603 790 veluti
626 753 775 790 fluvius
795 753 1094 799 consideratur,
1118 753 1235 790 cuius
1259 765 1398 790 cursus
1419 764 1512 789 cum
1536 765 1608 789 au-

298 809 413 846 strali
434 822 501 845 ora
521 808 634 845 Ponti
656 808 807 846 Euxini
831 809 1032 857 angulum
1059 810 1141 845 fere
1162 814 1316 845 rectum
1343 808 1502 845 format.
1531 808 1608 858 Igi-

302 870 391 910 turQ
411 876 514 913 quac
535 877 651 901 naves
665 866 855 901 secundum
872 866 1103 914 Hellesponti
1122 879 1265 901 cursum
1285 868 1413 900 rectae
1424 864 1606 909 stabant,

298 920 456 956 eaedem
481 919 687 956 commode
702 919 783 955 dici
804 925 1028 967 potuerunt
1053 927 1212 969 respectu
1239 920 1349 956 Ponti
1368 919 1506 969 oblique
1524 918 1606 956 sive

298 990 316 1011 e
333 982 542 1012 transverso
563 976 713 1011 locatae
739 975 879 1011 fuisse:
904 986 1034 1023 neque
1051 975 1168 1020 illae,
1189 979 1235 1011 ut
1256 975 1461 1011 Larcherus
1484 975 1608 1024 finge·

297 1031 389 1076 bat,
426 1031 550 1067 latera
578 1032 739 1067 obversa
771 1032 893 1067 Ponto
926 1031 1149 1077 habebant,
1175 1030 1239 1067 sed
1270 1041 1412 1078 prorae
1444 1041 1606 1067 earum-

296 1085 386 1122 dem
409 1088 580 1122 Pontum
600 1087 844 1134 spectabant.
868 1084 911 1124 S.

360 1155 419 1177 10.
449 1142 525 1184 τῆς
544 1139 574 1179 δὲ
596 1138 729 1191 ἑτέρης)
754 1142 846 1178 Fuit
873 1154 1004 1190 quum
1026 1141 1200 1178 scribere
1219 1141 1367 1178 vellem
1390 1139 1466 1183 τοὶς
1486 1137 1516 1178 δὲ
1537 1139 1605 1178 ἑτέ-

296 1212 363 1244 ρκς;
394 1209 488 1232 nam
510 1196 647 1233 minus
670 1197 851 1245 placebat
873 1199 1116 1247 I'Vesselingii
1137 1196 1311 1232 mutatio
1333 1195 1605 1244 praecedentis

294 1250 349 1288 τοὶ
365 1268 378 1295 ς
407 1255 465 1295 μὲν
488 1252 531 1288 in
551 1253 628 1294 τῆς
657 1253 729 1294 μέν.
776 1255 895 1289 Nunc
922 1252 1131 1301 intelligo,
1153 1252 1361 1301 vulgatam
1386 1250 1604 1288 lectionem

293 1306 561 1357 negligentiae
579 1307 741 1343 cuidam
759 1307 975 1356 Scriptoris
996 1307 1252 1344 tribuendam
1273 1318 1373 1352 esse,
1395 1312 1518 1355 atque
1543 1317 1604 1343 re-

295 1361 525 1406 tinenda1n3
548 1367 643 1407 aut,
662 1362 694 1398 si
714 1376 794 1411 qua
818 1363 1016 1412 corrigere
1038 1362 1240 1408 volucris,
1271 1361 1503 1410 ponendum
1525 1373 1605 1398 esse

292 1415 369 1460 τοὶς
393 1415 424 1455 δὲ
453 1419 524 1461 τῆς
551 1417 673 1465 ἓτέρκςε
701 1418 902 1454 articulus
926 1418 1036 1454 enim
1057 1425 1150 1455 ante
1167 1418 1268 1466 ἑτέρης
1285 1418 1416 1454 abesse
1442 1417 1602 1466 nequit.

292 1474 377 1515 Τῆς
403 1469 433 1510 δὲ
463 1473 494 1508 si
521 1472 731 1509 nobiscum
751 1473 960 1518 admittas,
997 1472 1073 1517 τοές
1101 1471 1131 1512 δὲ
1153 1480 1285 1510 tamen
1315 1473 1431 1522 quasi
1459 1472 1603 1509 subin-

293 1527 468 1577 telliges,
498 1527 605 1576 quod
636 1528 871 1577 respondeat
902 1528 1031 1577 priori
1049 1528 1112 1573 τοὶς
1129 1531 1203 1572 μέν.
1231 1530 1290 1564 De
1310 1533 1485 1577 utroque
1503 1541 1603 1577 pon·

294 1588 351 1626 te,
385 1583 491 1619 unde
516 1583 713 1620 anchorae
740 1583 1087 1630 demittebantur,
1118 1595 1342 1621 sermonem
1373 1595 1452 1621 esse
1479 1583 1602 1622 vides.

290 1638 411 1675 Dav.
441 1640 528 1675 Seu
548 1653 640 1677 ULZ.

354 1707 396 1728 ω
417 1708 489 1743 seq.
508 1692 676 1732 διέκπλοον
694 1690 723 1731 δὲ
747 1692 941 1737 ὑπόφαυσιν
963 1691 1061 1746 etc.)
1083 1696 1221 1732 Pelavii
1242 1693 1303 1730 his
1323 1694 1515 1743 pontibus
1536 1694 1601 1731 in-

293 1760 410 1796 pensa
430 1761 548 1797 opera
570 1748 694 1785 latuit
712 1747 725 1799 [
740 1746 951 1800 Gronovio]
975 1751 1059 1788 Cel.
1077 1750 1185 1787 viro:
1208 1750 1304 1786 hinc
1326 1750 1400 1786 illa
1422 1750 1509 1787 eius
1529 1763 1600 1787 no·

291 1804 402 1841 tatio.
434 1806 576 1853 Probat
594 1804 677 1852 ipse
695 1804 986 1852 separationem
1008 1804 1076 1843 ὖπδ
1094 1806 1237 1849 <px-Solu,
1257 1806 1319 1841 sub
1341 1808 1481 1844 lumen.-
1513 1811 1598 1842 ten-

292 1865 349 1895 tat
369 1859 513 1895 deinde
537 1858 606 1898 v‘vro‘
635 1858 774 1902 φλύσιν,
811 1860 872 1896 uti
900 1861 1036 1897 videre
1066 1868 1135 1899 est.
1166 1858 1291 1909 lungo
1318 1872 1410 1910 ego,
1440 1863 1530 1898 Aldi
1557 1866 1598 1898 et

290 1914 535 1963 scriptorum
566 1915 735 1950 ductum
771 1926 952 1963 sequens.
1003 1915 1218 1959 ’Υπόφαυσις
1235 1914 1448 1963 fenestrae,
1485 1919 1598 1953 lucem

290 1971 517 2007 admittentis
531 1999 541 2015 ‚
569 1970 774 2006 notionem
796 1971 915 2007 habet
930 1971 1037 2019 apud
1059 1974 1299 2019 interpretes
1317 1973 1446 2008 Ezech.
1464 1984 1496 2007 c.
1511 1985 1575 2008 xm
1588 1997 1600 2018 ‚

297 2026 357 2061 16.
387 2025 490 2061 Hinc
510 2038 583 2073 pro
604 2025 706 2062 hiatu
733 2031 772 2061 et
786 2033 937 2074 patente
962 2030 1122 2063 transitu
1137 2043 1146 2060 .-
1177 2038 1250 2074 par
1278 2023 1444 2070 διαυγείας
1467 2026 1596 2072 ratio,

291 2092 394 2129 quae
413 2082 463 2116 ab
486 2081 590 2117 lucis
620 2080 791 2116 transitu
808 2108 817 2126 ‚
849 2082 1102 2129 spiraculum
1129 2088 1168 2118 et
1194 2082 1394 2126 foramen,
1425 2095 1507 2130 quo
1533 2082 1599 2119 fu-

291 2148 382 2171 mus
402 2148 449 2171 ex
472 2135 569 2172 casis
591 2135 817 2180 evolvitur,
849 2136 891 2171 in
915 2138 1070 2174 Diodori
1088 2139 1215 2174 XVII.
1237 2139 1321 2181 82.‚
1352 2143 1391 2173 et
1421 2135 1594 2179 διαυγίου,

285 2189 334 2230 in
362 2191 620 2228 vasculorum
649 2190 851 2238 aperturis
881 2198 919 2227 et
949 2192 1244 2240 spiraminibus
1274 2192 1382 2239 apud
1415 2195 1599 2229 Heronem

289 2245 433 2294 Spirit.
454 2259 491 2294 p.
520 2246 607 2283 163.
646 2248 785 2294 Itaque
812 2243 980 2290 διέκπλοος
1008 2247 1222 2292 ὑπόφαυσις,
1257 2251 1434 2285 transitus
1464 2247 1594 2291 idem;

289 2300 450 2349 ἀραίωμα
469 2304 632 2338 Luciam>
653 2305 748 2339 Ver.
764 2301 864 2338 Hist.
884 2303 930 2337 ll.
950 2316 985 2338 2·
998 2329 1007 2346 ,
1027 2303 1109 2339 sive
1127 2306 1361 2351 interceptum
1381 2305 1536 2352 spatium
1556 2307 1596 2339 et

287 2370 453 2401 vacuum,
476 2368 547 2404 per
562 2357 668 2405 quod
690 2356 929 2399 ὑποφαίνεται,
962 2357 1208 2406 adparetque
1234 2359 1326 2402 lux,
1349 2366 1394 2394 ut
1413 2360 1595 2395 Petavius.

289 2413 448 2456 Reiskio,
470 2410 662 2455 ὑπόφαυσιν
683 2412 894 2459 probanti,
914 2409 1083 2456 διέκπλοος
1101 2414 1289 2450 adiel-tivi
1311 2414 1396 2449 loco
1413 2420 1482 2449 est.
1501 2416 1592 2450 Mox

283 2462 381 2521 [lin.
403 2462 482 2520 13.]
503 2468 668 2506 Petauius
690 2467 803 2513 scite,
822 2469 881 2505 καὶ
901 2469 1095 2516 τριηρέων
1120 2470 1255 2518 τριχοῦε
1276 2480 1454 2519 namque
1472 2468 1591 2506 series

1715 1995 1718 2005 -
1708 1890 1718 1978 :sd—-
