1718 2919
309 262 403 301 AD
443 256 1149 309 HERODOT.V1.39.40.
1307 260 1384 303 163

88 365 278 409 dilectus,
309 370 395 401 tum
425 361 624 411 expeditio
657 375 735 398 una
766 374 858 398 curn
891 362 1015 398 Dario
1044 367 1179 398 contra
1212 363 1385 411 Scythas.

83 421 287 459 Additum
316 422 412 466 τρίτῳ
435 422 493 460 μὲν
521 417 586 465 γάρ
607 415 676 454 ἔτεϊ
696 418 830 454 τουτέων
859 423 1082 464 protectum
1103 417 1234 454 verbis
1253 418 1332 455 erit
1350 431 1384 456 c.

94 477 159 520 46.
185 472 310 522 δευτέρῳ
330 471 360 510 δὲ
383 470 452 510 ἔτεϊ
470 473 626 515 τουτέων,
653 470 769 507 modo
790 478 916 507 cetera
930 497 938 509 ,
960 471 1065 519 quod
1086 472 1201 507 valde
1219 472 1384 519 dubito,

92 528 250 566 defendi
271 533 434 577 queant.
475 525 652 563 Calculis
675 526 738 562 hic
766 532 805 562 et
831 526 1147 562 consideratione
1175 539 1298 564 nexus
1326 541 1387 565 re-

93 597 185 622 rum
218 583 412 619 utendum
433 588 502 618 est.
545 580 765 624 Miltiades,
794 580 1004 617 intersecto
1024 593 1046 616 a
1072 580 1264 618 Pisistrati
1289 583 1389 619 filiis

94 645 206 688 patre
225 638 410 684 Cimone⁷
434 636 477 671 in
492 636 778 672 Chersonesum
789 635 960 671 Athenis
975 635 1233 684 demigravit,
1250 649 1283 673 c.
1300 650 1311 672 1
1324 638 1390 674 03.

93 696 231 742 Itaque
260 694 334 728 sub
361 703 516 727 annum
545 692 625 727 Per.
649 691 726 727 Iul.
749 691 889 740 4196„
916 696 988 726 aut
1008 691 1146 738 paullo
1164 691 1311 737 citius,
1339 692 1391 728 si-

93 748 255 798 quidem
276 747 526 794 Hipparchus
547 746 708 793 Olymp.
731 758 849 790 wa„
869 747 955 781 Per.
968 745 1046 781 Iul.
1061 747 1181 795 4198.
1201 746 1391 783 interem-

95 811 159 840 tus
173 802 372 839 occubuit.
402 800 568 848 Hippias
590 799 842 848 tyrannidem
864 799 1037 847 reliquit
1055 800 1210 836 invitus
1226 802 1391 851 Olymp.

97 871 239 902 mvn„
268 859 349 893 Per.
379 857 457 892 Iul.
486 864 624 899 4202„
654 854 776 891 Dario
804 855 1045 902 Babylonem
1070 866 1183 902 eopse
1215 862 1393 905 tempore

95 913 320 953 obsidente;
355 923 434 959 qua
466 916 550 958 post
580 922 645 946 xx,
673 921 820 945 menses
851 918 1075 958 expugnata
1108 922 1175 946 rex
1205 919 1394 958 sequente

99 967 338 1015 Olympiade
366 966 409 1000 in
441 964 598 1012 Scythas
628 970 757 1000 movet
785 964 929 1000 comite
958 964 1162 1010 Miltiade,
1197 978 1394 1004 reversus-

97 1034 177 1072 que
197 1021 386 1059 Sardibus
405 1019 487 1069 agit
504 1020 584 1055 Per.
605 1019 682 1056 Iul.
701 1031 806 1054 anno
828 1020 968 1064 4206„
990 1020 1034 1055 in
1053 1020 1127 1056 lib.
1142 1023 1194 1058 V.
1215 1029 1278 1065 24.
1304 1023 1397 1070 Scy-

99 1079 189 1114 thae
218 1077 408 1114 Nomades
432 1080 517 1121 post
548 1073 665 1110 illam
699 1073 815 1110 Darii
846 1074 1141 1122 expeditionem
1170 1075 1324 1113 irritati
1349 1078 1395 1113 in

98 1133 385 1170 Chersonesum
413 1135 657 1173 excurrunt,
691 1135 917 1178 coguntque
952 1130 1164 1166 Miltiaden
1198 1131 1396 1169 aliorsum

98 1188 247 1236 fugere.
281 1188 382 1222 Haec
410 1184 555 1221 sivero
587 1196 667 1219 non
698 1183 913 1228 dissident,
942 1184 1042 1232 quid
1075 1185 1162 1221 illis
1190 1187 1260 1222 fiet
1285 1191 1396 1225 νεωστὶ

97 1245 154 1286 μὲν
175 1238 340 1282 ἐληλύθεε,
372 1252 463 1275 cum
484 1245 576 1274 ante
606 1239 672 1274 hos
694 1238 826 1274 decem
850 1251 974 1275 annos
995 1239 1039 1275 in
1068 1240 1308 1279 Chersoneso
1338 1248 1398 1290 ty-

96 1308 274 1333 rannum
302 1293 502 1332 Miltiades
532 1294 679 1342 egerit?
709 1293 808 1342 quid
834 1296 928 1341 τρίτῳ
957 1297 1016 1336 μὲν
1047 1293 1113 1341 γοὲρ
1143 1293 1212 1333 ἔτεϊ
1230 1298 1395 1334 τρυτέωνὲ

96 1351 203 1389 Vide
224 1361 326 1398 quae
344 1355 648 1396 consequuntur
667 1349 801 1385 statim
819 1375 828 1392 ‚
847 1350 962 1386 ταῦτα
981 1352 1038 1390 μὲν
1060 1347 1097 1390 ἓν)
1115 1353 1209 1398 τρίτῳ
1230 1349 1397 1400 {rer-7195·-

97 1421 194 1455 τερον.
223 1408 275 1442 Ea
291 1405 323 1441 si
342 1405 502 1453 signant
520 1410 595 1439 tres
617 1410 768 1440 notatos
787 1416 911 1439 annos
924 1430 933 1447 ‚
952 1404 1106 1440 exitum
1127 1417 1207 1441 non
1227 1406 1395 1442 habent:

99 1461 132 1497 si
153 1460 359 1498 Miltiadae
377 1459 552 1496 reditum
572 1459 844 1495 Doloncorum
862 1458 1040 1504 auxilio,
1068 1459 1240 1497 exilium
1264 1466 1398 1509 tyran-

100 1516 146 1552 ni
181 1517 409 1563 producunt
445 1513 695 1563 longissime,
730 1525 859 1563 neque
899 1521 1129 1563 congruunt
1167 1515 1267 1551 bene
1303 1529 1396 1553 cum

101 1571 347 1619 praefectura
372 1568 576 1605 maritima
597 1569 738 1605 Otanis
763 1569 836 1605 lib.
850 1572 902 1606 V.
924 1569 987 1606 25.
1007 1570 1214 1616 Quomodo
1232 1570 1398 1608 demum

100 1637 261 1674 cunque
289 1624 575 1672 intelligantur
603 1622 649 1661 τοὶ
683 1624 760 1661 τότε
787 1640 842 1666 μιν
876 1625 1088 1669 κατέχοντα,
1116 1625 1197 1660 alia
1221 1637 1300 1662 esse
1329 1639 1397 1663 ne-

101 1686 281 1729 queunt,
306 1692 427 1728 quam
449 1690 551 1726 quae
570 1678 762 1715 continuo
789 1677 1018 1714 succedunt.
1059 1681 1116 1715 At
1135 1679 1207 1715 hoc
1232 1687 1318 1717 tum
1337 1681 1398 1718 vi-

99 1736 169 1771 de:
191 1735 353 1772 Miletus
368 1747 388 1770 a
407 1733 528 1770 Persis
548 1733 732 1769 funditus
752 1733 998 1781 pessumdata
1019 1739 1075 1769 est
1095 1733 1257 1782 Olymp.
1275 1749 1397 1782 mxu,

101 1792 187 1827 Per.
207 1790 284 1827 Iul.
309 1790 447 1834 4218.;
470 1790 596 1825 altero
626 1795 710 1836 post
741 1789 854 1823 urbis
881 1799 967 1823 eam
997 1788 1265 1826 calamitatem
1291 1804 1398 1828 anno

101 1845 251 1882 Persica
273 1844 405 1881 classis
426 1844 578 1880 insulas
602 1844 751 1881 Chium
767 1869 778 1887 ,
807 1843 975 1879 Lesbum
996 1849 1034 1878 et
1053 1844 1255 1880 Tenedum
1283 1858 1397 1883 occu-

102 1900 232 1949 pavit,
252 1912 285 1937 c.
308 1900 370 1936 50.
398 1899 520 1935 huius
540 1900 691 1935 Musae:
711 1897 817 1946 apud
837 1898 1037 1934 Tenedum
1065 1899 1273 1936 Phoenices
1301 1901 1399 1950 (ho-

101 1968 195 1992 rum
225 1961 360 1991 autem
392 1954 524 1990 classis
563 1952 735 2000 Persica)
768 1964 880 2002 agere
911 1958 956 1988 ut
985 1953 1136 2001 accepit
1173 1955 1397 2001 Miltiades,

102 2011 318 2047 convasatis
349 2021 452 2057 quae
476 2009 518 2043 in
549 2015 709 2056 promtu
739 2013 875 2050 erant2
902 2014 941 2043 et
968 2007 1011 2042 in
1043 2020 1159 2045 naves
1189 2009 1397 2058 inpositis,

103 2065 276 2114 aufugit.
306 2064 496 2100 Haeccine
525 2067 620 2111 τξίτῳ
649 2061 718 2100 ἔτεϊ
738 2061 887 2110 πρότερον
916 2062 979 2100 τῶν
1001 2063 1079 2100 τότε
1106 2079 1162 2106 μιν
1185 2065 1396 2111 κκτεχόντων

103 2119 184 2156 dici
219 2126 320 2155 recte
355 2125 517 2165 possunt
548 2118 747 2154 evenisse?
781 2117 1070 2153 Animadverto
1103 2118 1147 2153 in
1181 2121 1292 2155 omni
1322 2120 1397 2156 illa

106 2179 331 2222 temporum
366 2173 569 2210 notatione
609 2173 807 2217 maculas⁷
845 2185 943 2220 quas
975 2172 1162 2220 equidem
1198 2174 1398 2225 detergere

104 2228 191 2264 sine
210 2230 534 2265 membranarum
555 2227 788 2264 adiumento
809 2239 939 2275 neque
958 2227 1105 2272 audeo,
1135 2240 1266 2278 neque
1289 2231 1394 2267 volo.

103 2285 283 2322 WESS.

160 2334 356 2388 [Fortasse
381 2349 474 2374 vero
505 2337 612 2373 haud
646 2337 703 2372 ita
737 2349 880 2385 magno
909 2336 1123 2373 molimine
1149 2339 1239 2374 tolli
1274 2339 1397 2376 huius

105 2393 183 2429 loci
201 2392 473 2438 difficultates,
500 2392 717 2439 omniaque
735 2393 782 2427 ad
801 2391 1008 2439 liquidum
1033 2398 1222 2439 poterunt
1239 2394 1396 2430 deduci.

107 2450 258 2495 Nempe
276 2447 322 2485 roe*
347 2448 535 2492 κατέχοντκ
559 2446 746 2494 πρήγματα
761 2472 772 2491 ,
802 2444 826 2484 οἳ
843 2445 919 2483 τότε
944 2462 999 2486 μιν
1024 2446 1283 2492 κατελάμβανε,
1309 2449 1316 2460 '
1331 2451 1395 2485 lin.

110 2516 128 2537 2
146 2516 217 2552 seq.
241 2508 280 2541 et
303 2505 366 2539 lin.
393 2502 476 2550 11.)
505 2516 559 2540 res
583 2508 790 2550 praesentes
818 2515 905 2550 quae
936 2508 1021 2536 tunc
1050 2516 1126 2537 eum
1153 2503 1396 2553 occupabant,

1051 2558 1082 2592 L
1107 2568 1127 2591 2
