1718 2919
306 265 404 303 AD
447 241 856 303 HERODOT.
896 264 1177 305 V1.50-52.
1334 267 1409 314 173

122 365 356 404 Ver-ratium?
382 368 509 404 videtis
533 369 672 415 primas
693 369 817 404 literas
843 366 1035 416 integras?
1063 369 1190 404 videtis
1213 373 1410 405 extremam

111 429 256 470 partem
279 424 430 458 nominis
445 448 455 465 ,
481 423 633 458 caudam
659 425 759 458 illam
783 423 906 458 Verris
928 429 1099 471 tanquam
1118 425 1248 459 inlato
1276 424 1410 460 demer-

116 490 194 513 sam
212 490 286 513 esse
303 479 342 512 in
360 475 499 513 litura?
529 477 592 513 Sic
610 478 679 514 IV.
695 476 738 512 in
755 480 873 513 Verr.
893 489 925 512 c.
944 490 960 511 2
972 477 1005 513 5.
1028 483 1066 512 ut
1085 478 1144 513 hic
1163 491 1290 513 nomen
1308 492 1409 514 suum

117 526 281 582 (verris)
309 531 571 580 comprobavit,
595 534 647 567 sic
673 534 732 568 il-le
755 545 951 580 cognomen
979 530 1144 580 (frugi.)
1176 532 1329 569 Siculos
1347 533 1409 568 di-

116 591 244 622 centes
267 585 362 622 facit
383 598 416 622 c.
437 586 500 630 43.
529 588 568 622 in
591 586 729 622 labores
750 588 917 637 Herculis
939 599 1012 622 non
1035 589 1148 623 minus
1168 587 1262 622 hunc
1282 589 1408 624 imma-

115 642 298 676 nissimum
327 654 484 690 verrem,
527 654 632 690 quam
666 643 766 678 illum
803 655 931 691 aprum
962 642 1239 692 Erymanthium
1278 641 1408 688 referri

115 702 291 743 oportere.
339 696 469 732 Multo
505 695 641 731 minus
682 695 880 743 patienter
914 695 990 744 legi
1036 702 1225 742 poterunt
1264 697 1406 746 frigidi

115 750 276 786 Plautini
292 748 584 794 ioci‚Bacchid.
602 753 646 786 ll.
667 751 702 786 5.
723 763 777 786 vs.
795 751 856 786 50.
885 751 1127 787 Menaechm.
1149 753 1195 786 II.
1216 764 1251 786 2.
1271 765 1325 787 vs.
1341 754 1404 789 58.

113 805 276 841 Trucul.
298 806 326 841 Ι.
346 817 378 841 ι.
394 806 523 841 vs.58.
543 817 663 852 quem
686 805 819 841 reiicit
830 816 987 841 versum
1008 812 1198 853 tanquam
1216 806 1404 853 spurium

114 858 162 895 G.
184 860 330 896 canter.
350 861 448 896 Nov.
467 862 570 895 Lect.
590 862 675 897 VII.
703 873 763 896 10.
792 860 871 895 nisi
903 859 955 896 sit
984 859 1027 894 in
1059 872 1171 896 scena
1201 862 1402 908 prolatus,

113 913 213 961 quid
245 913 322 949 sibi
349 915 472 950 vellet
504 914 711 960 Comicus,
738 928 760 951 a
791 915 906 962 plebe
935 927 1014 950 non
1048 915 1181 962 potuit
1209 916 1402 966 intelligi.

114 969 237 1005 Cicero
253 967 428 1017 Philipp.
449 971 514 1005 XI.
534 982 564 1005 c.
582 970 617 1005 6.
653 970 693 1006 C.
709 972 869 1006 Annium
885 969 1082 1014 Cimbrum,
1098 971 1401 1020 Lysidffiifilium,

110 1023 317 1073 Lysidicum
341 1026 455 1072 ipsum
478 1025 615 1060 Graeco
638 1025 762 1069 verbo,
790 1027 957 1073 quoniam
986 1027 1105 1061 omnia
1127 1028 1206 1061 iura
1225 1027 1404 1065 dissolvit.

111 1078 284 1114 Unicum
304 1078 400 1115 licet
417 1079 464 1114 de
478 1078 550 1114 hoc
568 1090 727 1128 genere⁷
744 1079 924 1115 mirabar
941 1086 1070 1115 tamen
1093 1081 1136 1115 in
1158 1082 1278 1125 Liuio,
1293 1082 1401 1129 quod

110 1132 336 1180 Scipionem
347 1133 462 1186 ‚facit
482 1134 701 1178 dicentem.
725 1137 870 1171 Atrium
896 1135 1080 1171 Umbriam
1106 1138 1303 1172 semilixam
1335 1150 1401 1174 no-

109 1189 213 1224 minis
236 1190 343 1224 etiam
364 1188 592 1225 abominandi
611 1190 751 1234 ducem,
769 1189 841 1225 lib.
857 1191 1035 1226 XXVIII.
1057 1202 1089 1226 c.
1108 1194 1171 1226 26.
1197 1191 1319 1239 Apud
1341 1204 1401 1228 re-

106 1242 298 1279 centiores
326 1243 517 1291 inprimis
547 1245 757 1281 Graeculos
787 1244 909 1280 huius
950 1244 1103 1293 generis
1135 1246 1398 1293 reperiuntur

108 1297 303 1344 plurima.
325 1300 477 1335 VALC
490 1301 539 1334 K.
559 1319 610 1325 —-
639 1300 698 1335 De
714 1305 900 1343 accentu,
920 1311 1000 1347 quo
1021 1312 1163 1336 nomen
1182 1301 1398 1350 Aeginetae

106 1351 224 1388 illius
245 1353 421 1389 hominis
445 1353 692 1398 notavimus,
711 1354 754 1389 in
782 1356 872 1390 Var.
891 1356 990 1390 Lect.
1011 1355 1164 1391 dictum
1187 1362 1252 1394 est.
1285 1356 1330 1394 S.
1367 1392 1369 1394 .

216 1405 361 1446 CAP.
389 1405 500 1446 LII.
533 1421 566 1446 1.
606 1408 832 1452 ὄμολεγέοντες
864 1408 958 1447 οὐδενὶ
986 1410 1135 1459 noem-33)
1176 1412 1305 1458 Quem
1334 1412 1397 1447 in-

105 1467 228 1506 nuat,
252 1464 534 1510 Tyrtaeum-ne
559 1475 609 1499 an
631 1464 761 1499 alium
777 1490 787 1507 .
812 1464 917 1499 haud
943 1465 1126 1500 memini.
1158 1467 1261 1501 Cum
1282 1470 1395 1514 poeta

103 1515 179 1553 isto
215 1518 400 1566 plerique
441 1521 680 1555 Graecorum
717 1519 896 1555 faciunt:
937 1520 1144 1568 Xenophon
1183 1528 1314 1556 tamen
1348 1522 1393 1558 in

103 1571 252 1620 Agesil.
273 1586 312 1620 p.
335 1586 397 1619 72.
423 1573 483 1612 ed.
514 1574 653 1611 Hutch.
682 1586 856 1621 eumque
882 1581 1037 1610 secutus
1065 1576 1297 1620 Plutarchus,
1327 1577 1395 1613 do-

102 1638 217 1662 mum
237 1654 247 1672 ,
294 1641 416 1676 quam
462 1628 738 1664 Aristodemus
785 1630 947 1677 Spartae
992 1631 1162 1666 erexerit
1181 1657 1190 1675 ‚
1230 1631 1391 1669 habent.

103 1681 280 1720 WESS.
315 1703 365 1709 —
409 1684 465 1719 At
490 1695 569 1718 non
594 1698 701 1719 unum
732 1683 911 1731 aliquem
937 1698 979 1719 ex
1001 1687 1118 1732 poetis
1152 1686 1217 1721 hle
1251 1685 1393 1724 innuit

100 1737 326 1774 Herodotus:
352 1737 414 1774 sed
437 1741 569 1774 nullum
587 1752 629 1774 ex
644 1740 759 1787 poetis
778 1750 822 1774 ea
845 1738 888 1773 in
911 1750 972 1778 re.
993 1739 1039 1774 de
1060 1753 1138 1787 qua
1160 1741 1224 1775 hle
1242 1741 1394 1789 agitur,

99 1791 273 1829 adsentiri
299 1793 357 1828 ait
373 1794 684 1835 Lacedaemoniis3
705 1794 880 1841 adeoque
899 1794 1026 1830 famae
1044 1795 1151 1841 apud
1179 1796 1390 1842 Spartanos

97 1846 281 1895 vulgatae
297 1848 464 1896 opponit
476 1856 654 1884 veterum
672 1850 878 1884 Po'e‘tarum
893 1849 1170 1885 auctoritatem
1187 1877 1195 1894 ,
1212 1863 1390 1898 quorum

98 1912 240 1949 nempe
267 1903 515 1938 carminibus
541 1903 697 1951 alioqui
727 1903 918 1939 memoria
947 1916 1083 1939 rerum
1112 1905 1388 1952 superioribus

98 1957 343 2004 temporibus
372 1964 569 2007 gestarum
598 1957 816 1994 certissima
843 1958 998 1994 ratione
1024 1960 1071 1994 ad
1102 1968 1271 2007 posteros
1299 1974 1389 2009 pro-

97 2011 232 2060 pagari
254 2013 521 2049 existimatur.
550 2011 595 2049 S.

155 2067 190 2102 3.
218 2068 279 2104 τοῦ
305 2064 570 2118 Κλεοδαίου)
610 2069 669 2105 rei?
692 2065 882 2109 Κλεοὲνῖμευ
906 2068 1003 2103 dum
1032 2068 1097 2104 hic
1125 2069 1382 2107 scribendum

99 2122 263 2166 putabat
277 2125 410 2160 Meurs.
431 2122 478 2157 de
490 2124 622 2171 Regno
642 2125 727 2158 Lac.
748 2135 779 2158 c.
801 2124 837 2159 (5.
855 2136 934 2158 non
954 2123 1258 2170 recordabatur,
1276 2127 1384 2174 apud

97 2175 230 2222 ipsum
259 2177 395 2215 Herod.
425 2184 649 2213 constanter
674 2177 794 2212 scribi
819 2176 1017 2219 Κλεςδκίου,
1049 2181 1134 2215 VH.
1168 2188 1256 2223 204.
1282 2183 1383 2217 UH.

103 2241 115 2264 1
128 2229 146 2264 3
158 2242 188 2266 1.
217 2231 335 2279 Sequi
357 2232 489 2279 potius
507 2232 697 2268 debuerat
714 2234 775 2268 Fr.
790 2233 973 2282 Sytburgii
990 2232 1191 2269 iudicium
1204 2261 1213 2279 ‚
1226 2238 1380 2273 Aeliano

95 2296 257 2332 quoque
288 2298 430 2322 nomen
461 2286 708 2323 restituentis
736 2286 931 2329 Κλεοδκίου,
973 2287 1020 2322 ad
1050 2290 1207 2325 Pansam.
1239 2291 1381 2328 Lacon.

97 2351 134 2386 p.
159 2341 248 2383 246.
276 2341 367 2377 Inde
387 2343 503 2378 facile
528 2342 734 2377 fluxerunt
762 2343 911 2377 somnae
936 2341 1072 2378 minus
1091 2344 1266 2379 sincerae
1279 2352 1382 2383 Κλη-

94 2390 225 2436 Somou,
251 2401 290 2430 et
313 2394 513 2434 Κλεοδςέτου.
543 2396 727 2444 Spartani
753 2394 929 2434 Μενεὸκίου
949 2409 1094 2432 nomen
1120 2400 1226 2434 male
1245 2399 1287 2434 in
1311 2405 1382 2436 Με-

92 2444 225 2485 νεὸ“α’τσυ
257 2450 466 2486 transierat
495 2452 600 2499 apud
629 2452 794 2501 Thuoyd.
820 2464 856 2498 p.
879 2454 975 2493 223,
1001 2453 1063 2488 56.
1091 2453 1265 2489 alterum
1287 2454 1380 2489 satis

91 2503 341 2541 commendat
359 2505 613 2544 notissimum
635 2503 808 2551 μενεδήϊος
837 2505 1015 2542 eamdem
1036 2507 1183 2544 habent
1205 2509 1288 2546 vim
1311 2520 1382 2545 110-
