1718 2919
300 221 392 260 AD
436 219 815 260 HERODOT.
844 220 987 262 VIII.
1020 223 1180 272 53-57.
1309 226 1384 265 125

103 336 143 372 p.
164 323 227 368 34.
254 323 398 359 .Oleam
427 330 462 360 et
483 337 612 372 aquam
642 323 685 358 in
716 330 834 371 puteo
861 326 1037 360 marinam
1069 325 1235 361 curiosis
1262 325 1389 362 Attici

105 379 380 415 monstrabant
403 378 642 427 periegetae‚
666 379 778 414 velut
808 381 1012 415 testimonia
1033 381 1125 424 litis,
1151 394 1220 429 qua
1245 381 1287 416 de
1312 384 1388 417 solo

102 433 331 470 Athenarum
346 433 534 482 Neptunus
555 440 588 468 et
609 434 775 469 Minerva
794 435 1077 478 contenderant5
1097 435 1211 470 cuius
1235 441 1391 482 praeter

105 487 206 524 alios
231 487 506 524 meminerunt
529 486 573 522 in
595 489 809 523 Menexeno
828 489 934 525 Plato
955 501 992 535 p.
1014 489 1103 534 257.
1123 502 1153 525 c.
1173 494 1212 524 et
1233 491 1391 540 Quintil.

108 542 287 579 Declam.
304 542 395 579 325.
419 542 521 578 conf.
536 542 724 578 Plutarch.
743 544 847 581 T.11.
869 555 908 590 p.
922 544 1013 591 489.
1032 556 1067 578 Β.
1094 544 1247 580 VALC
1260 546 1307 580 K.

168 605 205 641 4.
243 597 335 637 ε’λαίη
363 612 398 634 τε
429 601 487 634 καὶ
514 594 684 633 θάλασσα
711 594 781 645 ἔνι)
815 596 1144 645 Vulgatissimam
1176 598 1392 636 annalibus

109 657 150 688 et
177 651 488 688 Atheniensium
523 651 741 699 gloratione
766 651 1035 687 narrationem
1061 652 1127 689 ill.
1153 655 1314 702 Scaliger
1343 653 1392 689 ad

110 706 236 743 Euseb.
257 706 406 743 Chron.
423 707 534 742 Ann.
553 718 713 742 CCCCLxI.
733 719 772 753 p.
793 718 854 752 27.
875 705 1004 742 obiter
1022 707 1238 754 explicuit,
1258 719 1394 755 opero-

113 761 196 797 sius
215 762 268 797 Ιο.
290 762 464 797 Meursius
493 761 653 807 Cecrop.
684 772 714 797 c.
745 773 802 811 19.
827 766 866 796 et
891 773 952 797 20.
997 763 1041 797 In
1073 768 1212 809 puteo,
1241 768 1279 797 et
1300 777 1395 812 aqua

110 815 201 858 eius
218 817 378 859 marina,
398 826 572 862 namque
595 815 687 850 haec
705 814 778 851 illa
802 814 988 856 θάλασσα,
1021 828 1100 851 nou
1129 829 1288 863 prorsus
1316 818 1396 853 sor-

115 875 232 915 tasse,
262 870 377 906 modo
405 869 593 906 iactantia
628 871 769 916 procul
798 875 913 913 esset,
938 871 1170 906 aberratur:
1205 873 1394 909 stridorem

98 927 299 973 fluctuum,
321 918 402 969 ἕχον
424 922 603 969 κυμάτων,
622 923 729 971 apud
750 926 909 961 Pausan.
928 926 956 960 Ι.
979 934 1040 969 24.
1063 931 1183 973 atque
1201 925 1325 971 alibi,
1344 927 1396 963 si-

114 978 208 1015 cubi
237 985 373 1015 auster
401 978 587 1026 spiraret,
617 978 729 1014 edere
759 979 1032 1026 perhibebant.
1075 981 1199 1016 Illum
1224 982 1397 1019 Libanius

114 1036 336 1071 Lamentat.
352 1033 554 1071 Nicomed.
584 1045 621 1080 p.
651 1034 740 1068 203.
762 1047 791 1070 c.
813 1033 974 1081 quando
991 1034 1038 1070 de
1056 1037 1264 1082 Neptuno,
1287 1038 1344 1072 καὶ
1365 1037 1393 1073 ἐν

119 1083 302 1135 ἆκροπᾶ>»ει
331 1089 479 1125 τοσοῦτον
509 1085 683 1135 οἶπεχσύσῃ
709 1088 890 1130 θαλάσσης
907 1087 1002 1133 ῥὸθισν
1021 1086 1145 1131 ἓεΐξκι,
1178 1089 1394 1126 innuebat:

115 1143 274 1178 nullam
313 1143 486 1191 profecto
516 1144 734 1190 procellam,
758 1154 781 1178 a
809 1145 961 1179 Mor-ello
992 1148 1136 1179 temere
1175 1144 1398 1181 excitatam.

178 1265 240 1289 10.
268 1249 341 1290 ὅσον
357 1266 392 1288 τε
409 1247 598 1299 πηχυαῖον)
625 1249 798 1286 Auctius
822 1250 866 1285 in
890 1252 1073 1288 Pausania
1092 1253 1118 1288 Ι.
1142 1266 1205 1298 27.
1227 1253 1402 1290 miracu·

118 1306 207 1344 lum
223 1334 234 1353 ,
261 1317 391 1354 neque
408 1307 584 1342 Meursius
618 1304 804 1349 reticuit,
832 1304 1009 1351 αῦθκμερέν
1029 1305 1100 1344 ὅταν
1117 1322 1151 1344 τε
1171 1309 1222 1344 ἐπὶ
1241 1306 1293 1345 δύο
1313 1312 1400 1348 βλα-

116 1363 238 1402 στῆσαι
266 1361 406 1406 πήχεις,
434 1361 552 1396 eodem
577 1361 633 1396 die
657 1362 695 1395 in
721 1361 828 1395 duam
855 1361 1050 1396 cubicorum
1071 1365 1323 1409 proceritatem
1347 1377 1402 1399 re:—

114 1408 322 1465 pullulasse.
362 1414 557 1459 Fidelior,
585 1415 635 1451 ab
659 1414 734 1449 illo
768 1415 1025 1461 praeteritus,
1052 1416 1182 1452 Liban.
1213 1417 1401 1454 Antioch.

123 1484 161 1519 p.
183 1472 275 1517 578.
295 1483 327 1506 c.
351 1467 480 1516 δευτέρᾳ
505 1466 536 1506 δὲ
566 1468 670 1516 ἡμέρᾳ
698 1466 850 1511 Ennea-0⁸9
875 1467 1047 1515 οἶνέδρκμεν
1072 1471 1114 1512 εἰς
1141 1472 1254 1516 πῆχυν
1281 1473 1315 1509 ἐκ
1341 1473 1400 1509 τοῦ

118 1527 336 1567 κεκαυμένη,
359 1523 520 1560 vocibus
544 1522 638 1558 hinc
658 1522 849 1569 repetitis.
878 1524 1056 1562 WESS.

231 1577 375 1618 CAP.
398 1574 563 1615 LVII·
603 1590 615 1612 1
640 1591 735 1626 seqq.
775 1576 939 1614 Ἐνθαῧτοε
965 1575 1002 1617 327*
1033 1581 1276 1621 Θεμιστοκλῆκ
1310 1578 1401 1629 etc.)

123 1633 225 1670 Hinc
254 1646 364 1670 orsus
393 1632 630 1669 Plutarch.
657 1633 699 1667 T.
726 1632 770 1667 II.
805 1644 842 1678 p.
867 1632 957 1681 869.
990 1647 1025 1669 n.
1057 1645 1159 1681 quae
1187 1635 1404 1672 succedunt

122 1689 189 1725 hoc
207 1695 241 1725 et
261 1703 331 1738 seq.
351 1689 487 1736 capite,
504 1687 639 1734 paucis
657 1685 831 1731 οωὶεεῐε,
852 1686 971 1729 αὑταῖς
990 1686 1094 1730 λέξεσι
1114 1690 1403 1737 transscripsit,

124 1749 170 1780 ut
191 1743 254 1779 hic
273 1749 431 1779 narrata
452 1741 684 1786 traduceret,
704 1741 816 1777 velut
833 1740 876 1775 in
891 1741 1192 1779 Themistoclem
1210 1745 1324 1780 valde
1343 1745 1407 1780 in-

122 1798 254 1841 iuria3
285 1797 350 1833 cui
371 1795 530 1833 consilii
552 1794 809 1831 saluberrimi
833 1795 1001 1844 gloriam
1017 1797 1190 1834 ablatam
1212 1797 1404 1847 (παραιρού-

121 1845 212 1897 nerag
238 1852 358 1901 apud.
377 1853 476 1888 Plut.
501 1850 756 1886 scribendum
789 1844 1165 1901 pro'vmffxarov'nsvcg)
1199 1853 1241 1888 in
1272 1854 1403 1890 alium

123 1907 377 1953 transtulerit
398 1912 601 1943 auctorem
623 1905 914 1953 Menesiphilum,
943 1905 1059 1941 cuius
1078 1906 1287 1943 inventum
1310 1909 1408 1944 The-

122 1954 318 1998 misto‘eles
337 1968 467 1998 tamen
493 1960 600 2007 apud
624 1959 877 2007 Eurybiadcn
906 1965 1097 2008 tanquam
1125 1975 1243 1997 suum
1271 1963 1409 1999 vendi-

124 2021 220 2053 tasse
237 2017 396 2053 dieatur
414 2016 612 2051 Herodoto.
648 2014 722 2051 Sed
741 2020 866 2050 cetera
884 2014 1067 2051 Graeciae
1086 2016 1301 2053 utilissima
1319 2030 1408 2054 con-

125 2070 218 2107 silia
244 2071 318 2107 soli
351 2070 498 2107 tribuit
523 2069 565 2104 in
595 2080 700 2117 seqq.
726 2070 932 2105 Herodotus
961 2070 1236 2112 Themistocli;
1278 2078 1316 2108 et
1343 2073 1408 2109 hic

129 2125 340 2173 prudentia
367 2123 503 2174 magni
530 2124 610 2160 viri
641 2123 778 2159 fuisset
811 2123 1046 2173 indignum,
1086 2126 1271 2171 consilii,
1300 2128 1407 2174 quod

127 2179 292 2227 ipsemet
318 2191 449 2218 secum
476 2178 631 2214 dudum
662 2178 898 2227 agitaverat,
925 2179 969 2214 in
990 2180 1061 2214 hoc
1091 2185 1200 2217 tanto
1229 2181 1408 2229 periculo

126 2234 439 2282 Mnesiphilum‚
464 2235 678 2270 obscurum
706 2233 924 2280 Eurybiadi
956 2245 1118 2278 nomen,
1145 2236 1257 2271 velut
1276 2243 1409 2273 aucto-

88 2287 92 2289 ’
128 2300 214 2325 rem
231 2288 337 2336 apud
357 2289 481 2324 illum
508 2287 717 2324 ambitiose
745 2288 954 2325 celebrare.
991 2289 1062 2324 Sed
1082 2290 1176 2326 haec
1204 2290 1247 2325 in
1275 2292 1412 2327 erudi-

129 2343 282 2380 ti'ssimo
306 2343 556 2391 philosopho,
588 2342 654 2378 cui
687 2342 916 2389 plurimum
947 2342 1156 2389 debemus,
1184 2345 1216 2380 si
1249 2345 1408 2381 ferenda

127 2402 223 2434 sunt
240 2398 380 2446 aliquo
401 2398 534 2439 modo3
565 2397 671 2433 illud
686 2423 696 2441 7
715 2397 819 2445 quod
840 2397 972 2441 addit,
991 2397 1060 2434 vix
1078 2399 1285 2435 serendum
1302 2417 1309 2434 :
1340 2408 1407 2438 Θε-

128 2455 315 2495 μιστοκλέα.
335 2456 392 2494 μὲν
411 2451 484 2489 οὔτε
503 2454 581 2492 Φησὶ
605 2452 760 2498 φρονῆσαι
780 2450 820 2489 π’
846 2453 1005 2499 συμφέρον
1019 2477 1029 2497 ,
1053 2452 1149 2490 dmi
1167 2452 1307 2501 περιιδεῖν
1321 2480 1331 2496 ,
1357 2476 1375 2482 -
1391 2474 1410 2484 -

127 2504 332 2554 Ἀρτεμισίαν
351 2504 382 2544 δὲ
407 2523 441 2544 κ.
455 2523 488 2545 τ.
507 2517 542 2543 λ.
572 2509 609 2543 V
612 2508 722 2544 ALC
736 2507 783 2541 K.
