1718 2919
296 200 346 238 24
564 170 1317 226 ADNoTATIONEs

351 291 446 329 Ibid.
475 286 620 333 ἰῗαῦτδς
645 291 787 328 ἐθέλων
809 288 1025 339 ἐκόπασε)
1057 294 1134 328 Aut
1159 298 1286 340 sponte
1307 303 1374 327 sua
1390 290 1504 328 velut
1523 291 1601 327 las-

297 359 363 384 sus
385 347 584 396 conquievit
610 352 748 382 ventus.
786 347 994 393 Tanquam
1023 343 1164 386 οἵσεμνον
1188 345 1228 384 ro*
1252 346 1475 384 Komaia-ou
1495 344 1600 394 (ε’κο-

302 403 438 439 πίοισε
471 400 608 449 legisse
640 397 828 448 videtur)
860 402 917 437 καὶ
947 397 1108 437 ι’διωτικδν
1137 401 1202 437 hic
1231 400 1384 438 notavit
1409 402 1601 450 Longinus

297 472 336 493 π.
357 454 445 499 “ssp-
466 468 570 500 XLII,
597 467 632 491 2.
657 455 823 502 Legitur
852 455 896 490 in
924 457 991 492 Ev.
1025 456 1164 492 Matth,
1192 468 1275 493 xlv.
1301 467 1356 492 vs.
1381 455 1446 491 32.
1469 450 1600 493 ἔκδοτοι-ἕ

299 525 350 548 σεν
385 508 403 548 o'
431 507 569 551 ἄνεμος,
605 515 645 546 et
673 509 801 553 alibi,
828 509 934 557 apud
967 510 1075 547 Clar.
1095 510 1284 547 Albertum
1301 509 1349 545 ad
1373 506 1535 560 Hesyeh.
1553 508 1599 545 in

297 576 380 601 voc.
401 570 440 601 et
461 567 723 601 l‘Vetstenium.
751 564 1116 612 Reprehendendus
1138 565 1286 601 idcirco
1303 567 1491 614 Longinus
1512 563 1601 602 illis

298 619 426 656 videri
467 619 636 668 poterit,
676 619 749 668 qui
779 619 823 655 in
860 619 979 656 libris
1014 620 1158 656 nostris
1193 620 1336 664 sacris,
1369 619 1418 655 ad
1455 617 1599 667 populi

298 680 461 722 captum
481 673 774 722 sapientissime
791 674 950 722 scriptis
963 701 974 719 9
989 686 1098 711 voces
1120 681 1250 712 tamen
1277 681 1430 712 notatas
1450 674 1601 710 nolunt

256 737 260 739 ’
300 734 347 765 ut
371 726 558 772 ἶὸιωτικοὶς,
589 729 769 778 quique,
792 730 945 766 bonum
968 730 1143 766 Thomam
1159 733 1265 780 Mag.
1290 741 1411 777 supra
1432 729 1599 766 modum

299 796 432 831 nuper
464 783 696 829 criminati,
726 784 992 834 incogitanter
1019 785 1195 822 Atticam
1222 786 1437 822 verborum
1475 783 1600 820 etiam

299 845 501 893 venantur
520 839 784 888 elegantiam,
813 839 884 875 ubi
907 839 989 876 sola
1016 852 1155 876 rerum
1174 846 1258 876 erat
1278 838 1505 889 quaerenda
1526 851 1602 887 pu-

299 905 447 942 raeque
463 893 704 942 disciplinae
725 894 1038 945 magnificentia.
1068 897 1281 932 VALCK.

412 946 558 987 CAP.
580 947 777 989 CXCII.
814 964 849 999 9.
879 947 1094 994 ἐναυλόχεον,
1123 947 1331 993 Ποσειδέωνος
1348 950 1488 997 σωτῆρος
1505 945 1608 996 etc.)

303 1004 436 1040 ‘Vallae
456 1003 595 1040 Latina
608 1031 617 1048 ‚
635 1007 833 1041 Stationem
854 1004 1006 1041 habuere
1029 1006 1078 1041 ad
1095 1008 1262 1054 templum
1280 1006 1443 1054 Neptuni
1466 1016 1603 1054 cogno·

301 1059 394 1095 mine
411 1061 611 1096 Servatoris
627 1089 636 1104 ‚
666 1060 814 1096 servari
840 1073 919 1096 non
948 1060 1192 1096 debuerant:
1215 1059 1313 1108 quid
1336 1059 1446 1095 enim
1470 1059 1536 1095 hic
1553 1058 1602 1095 de

300 1113 482 1161 Neptuni
512 1114 560 1149 ad
591 1114 861 1151 Artemisium
893 1114 1012 1151 aede?
1061 1116 1202 1151 Solum
1235 1115 1386 1162 Σωτῆρος
1419 1112 1603 1162 Neptuni

302 1180 517 1218 cognomen
537 1169 794 1205 describitur.
842 1171 979 1218 Itaque
1006 1170 1184 1214 mutavi,
1204 1182 1253 1205 ne
1274 1181 1398 1217 prona
1417 1169 1471 1206 sit
1495 1180 1604 1205 erro·

301 1222 358 1260 ris
370 1250 380 1267 ‚
396 1235 499 1271 quae
516 1229 556 1260 et
574 1223 728 1260 illustr.
743 1224 881 1260 virum
898 1225 1061 1260 Dissert.
1076 1227 1162 1262 VII.
1182 1227 1246 1261 Us.
1266 1231 1305 1260 et
1318 1225 1460 1261 Praest.
1477 1225 1602 1261 Num.

302 1291 342 1326 p.
364 1279 456 1323 416.
475 1279 668 1323 abstulit,
685 1279 847 1315 occasio.
877 1282 934 1316 W
947 1280 1059 1316 ESS.

360 1342 363 1343 ⁷
412 1331 558 1372 CAP.
581 1331 809 1373 CXCIII.
846 1347 857 1369 1
885 1348 958 1383 seq.
990 1334 1030 1376 ὦς
1054 1331 1232 1371 ἐπαύσατό
1265 1348 1299 1370 τε
1324 1332 1342 1371 o‘
1372 1330 1513 1376 ἄνεμος,
1543 1334 1603 1371 καὶ

306 1386 345 1424 τὲ
375 1389 472 1430 κῦμα
496 1386 711 1439 ἔστρωτο)
739 1390 910 1425 Eustath.
931 1389 974 1424 in
993 1388 1066 1425 Od.
1084 1388 1132 1431 γ’.
1153 1402 1190 1437 p.
1214 1402 1307 1438 119,
1325 1388 1409 1432 38„
1431 1384 1604 1436 Ἡρόδοτος

304 1438 409 1480 εὖδίκν
430 1441 560 1490 Φροέξων
587 1446 682 1485 φησὶν
695 1469 705 1485 ,
728 1441 900 1482 ἐπαύσατο
923 1439 1010 1491 (sic
1025 1442 1213 1481 Ἐκόπασ-εν
1233 1442 1409 1480 reddidit
1423 1441 1605 1490 Hesych.)

306 1493 443 1540 ἅνεμες,
473 1500 531 1534 καὶ
555 1514 586 1536 τ.
611 1515 647 1535 κ.
666 1495 756 1546 ἔστ-ρ.
781 1499 850 1534 His
879 1511 973 1534 usus
991 1504 1048 1534 est
1066 1497 1331 1534 inimitabilis
1349 1500 1397 1535 A.
1414 1498 1606 1534 Schultens

303 1551 350 1588 ad
373 1552 451 1588 Ioln'
469 1564 570 1597 xxx,
591 1566 656 1599 27.
679 1552 760 1589 vid.
783 1556 837 1590 St.
853 1554 1005 1603 Bergler
1030 1553 1074 1589 in
1096 1554 1266 1603 Alciphr.
1290 1566 1329 1601 p.
1350 1563 1387 1590 2.
1415 1553 1536 1589 Docte
1553 1555 1606 1590 A.

308 1607 442 1643 Gellius
463 1609 576 1644 Noet.
600 1608 687 1645 Att.
715 1610 761 1645 II.
782 1609 845 1645 30.
890 1610 1050 1645 Fluctus.
1073 1628 1091 1637 -
1111 1630 1128 1636 -
1147 1630 1164 1637 -
1188 1612 1293 1645 simul
1321 1621 1366 1644 ac
1394 1614 1518 1645 ventus
1535 1621 1606 1656 po-

307 1663 399 1705 suit,
425 1668 702 1699 sternuntur
735 1669 769 1699 et
800 1667 1106 1711 conflaccescunt,
1139 1671 1173 1700 et
1201 1666 1428 1710 moleuctus
1453 1676 1527 1699 esse
1545 1663 1606 1699 de-

305 1718 445 1753 sinunt.
486 1715 631 1759 κύμοιτοι
657 1717 717 1756 οὐκ
742 1716 793 1756 ἔτι
821 1719 880 1755 εἶσὶ
909 1717 1076 1760 κύματα,
1109 1732 1261 1768 aequore
1285 1729 1429 1766 nempe
1453 1724 1607 1767 pacato.

306 1773 511 1808 Stratum
535 1785 669 1822 aequor
691 1772 827 1822 attigit
845 1774 876 1810 Ι.
897 1775 939 1810 F.
958 1775 1117 1811 Gronov.
1142 1775 1234 1810 Obs.
1250 1775 1315 1810 ΙΙΙ.
1335 1785 1369 1809 c.
1390 1785 1453 1810 22.
1482 1771 1606 1809 Tueri

306 1826 439 1863 voluit
456 1826 521 1863 vir
541 1827 639 1864 clar.
661 1829 702 1865 P.
720 1829 843 1864 Burm.
864 1828 909 1864 in
929 1830 1046 1866 Ovidii
1067 1831 1157 1864 Her.
1177 1831 1266 1866 XV.
1284 1841 1340 1864 vs.
1358 1827 1451 1863 213.
1466 1827 1607 1877 vulga-

309 1886 368 1917 ta:
406 1884 508 1918 Solve
532 1889 670 1927 ratem;
703 1885 824 1920 Venus
839 1912 848 1928 ‚
875 1891 960 1920 orta
991 1886 1103 1928 mari,
1134 1897 1231 1919 mare
1253 1889 1421 1932 praestat
1443 1883 1604 1919 amanti:

307 1947 373 1973 me
404 1936 539 1973 iudice
574 1943 678 1974 recte
703 1937 932 1983 diceretur,
961 1952 1058 1975 mare
1081 1945 1244 1988 praestet
1272 1951 1428 1987 aequm,-
1461 1943 1507 1973 ut
1525 1939 1606 1973 Me·

308 1995 405 2027 tam.
425 1993 490 2028 XI.
515 1999 605 2042 749.
635 2000 759 2030 ventos
785 2000 885 2030 arcet
902 1996 1036 2031 Aeolus
1056 2007 1223 2043 egressu,
1243 1998 1478 2042 praestatque
1499 2005 1606 2041 nepo-

309 2046 402 2082 tibus
423 2060 577 2096 aequm,-
611 2047 651 2082 id
683 2053 739 2084 est
762 2046 919 2090 οἶκύμονα
949 2047 1081 2086 Πόντου
1103 2050 1206 2089 τίθησι
1235 2049 1344 2090 vara,
1375 2046 1607 2096 Eurip.1ph.

308 2099 353 2137 in
371 2103 490 2137 Taur.
513 2102 628 2146 1445.
658 2102 728 2138 Sed
761 2102 804 2137 in
836 2103 962 2138 altero
981 2104 1066 2138 loco
1087 2103 1298 2152 legendum
1313 2129 1323 2146 ‚
1344 2102 1493 2150 partim
1510 2114 1605 2138 cum.

309 2156 628 2192 SlichtenhorstiO:
662 2158 797 2200 Venus,
827 2164 911 2193 orta
931 2161 1038 2202 mari,
1071 2172 1168 2194 mare
1193 2164 1329 2194 sternet
1357 2159 1520 2193 amanti:
1548 2155 1606 2192 sic

309 2209 435 2258 Epist.
451 2213 555 2248 XIX.
570 2224 624 2247 vs,
644 2224 655 2246 1
668 2212 705 2249 6.
718 2225 805 2248 auso
823 2214 942 2248 Venus
957 2211 1211 2261 ipsa-favebit3
1229 2219 1403 2250 sternet
1422 2219 1457 2249 et
1476 2224 1608 2261 aequo·-

309 2279 389 2302 reas
411 2279 562 2315 aequore
586 2273 679 2302 nata
699 2269 791 2303 vias.
820 2269 978 2304 VALC
993 2270 1040 2303 K.

369 2322 404 2356 8.
435 2322 500 2359 ἐπὶ
520 2320 560 2359 τὲ
580 2324 670 2364 κῶας
687 2319 803 2359 ἔπλεον
822 2322 849 2364 ἐς
865 2319 963 2369 Αἶκυ)
991 2323 1098 2358 Dum
1119 2324 1167 2359 ad
1191 2336 1336 2358 aureum
1355 2324 1464 2359 vellus
1480 2326 1607 2370 peten-

311 2377 392 2413 dum
420 2378 534 2413 Aeam
561 2376 803 2426 navigabant.-
838 2375 879 2411 id
912 2377 1023 2413 enim
1051 2389 1207 2425 semper
1240 2383 1352 2414 notat
1377 2377 1422 2413 in
1455 2375 1607 2419 talibus

311 2432 386 2469 2⁷:22
414 2430 467 2469 ἐπὶ
487 2430 525 2471 ro*
554 2432 664 2474 κῶοις,
696 2432 748 2469 ἐπὶ
767 2429 808 2470 ro*
829 2429 925 2475 νάκος
951 2432 1112 2470 πλεῦσαι.
1142 2432 1269 2470 Poetis
1287 2430 1400 2476 μετοίε
1422 2433 1457 2469 T
1457 2431 1608 2468 heocrit.
