1718 2919
311 276 366 313 70
584 260 1333 303 ADNOTATIONES

310 366 525 416 expressit,
552 366 690 403 minus
723 371 826 403 recte
854 370 1013 403 notatus
1041 368 1212 404 Auctori
1241 369 1300 406 des
1319 369 1509 407 Essais'de
1533 371 1614 409 cri-

312 426 409 474 tique
429 436 467 471 p.
488 422 575 459 165.
605 423 823 460 VALCK.
1621 424 1627 429 '

376 479 435 515 16.
467 476 689 516 Μελάνιππον
713 475 771 514 τᾶν
788 472 1031 527 Ἀστακοῦ)
1061 477 1170 525 Quid
1199 477 1370 515 moverit
1390 491 1612 516 amanuen-

311 546 370 572 ses
389 533 438 569 ad
459 531 516 570 τᾶν
536 531 711 569 'Oa-romaz?
731 531 998 581 pingendum,
1019 545 1099 568 non
1119 533 1377 578 reminiscor,
1398 546 1528 583 neque
1547 547 1612 571 ex·

313 593 431 638 puto:
452 587 547 624 aliis
561 586 752 623 omnibus
768 586 992 635 Melanippi
1014 594 1126 636 pater
1142 591 1315 626 Astacus.
1329 591 1521 627 Astacides
1534 592 1613 627 Me-

312 646 480 694 nalippus
493 671 503 687 ,
521 642 623 684 sive,
650 653 696 678 ex
716 642 898 691 legitima
918 643 1064 679 Barthii
1089 643 1340 689 coniectura,
1365 647 1614 694 Melanippus,

311 700 420 748 apud
440 699 596 735 Statium
613 697 734 733 Theb.
754 699 859 735 VIII.
882 710 925 743 71
939 699 973 733 8.
995 703 1034 734 et
1056 699 1162 735 Ovid.
1190 698 1232 734 in
1255 699 1313 735 lbi
1332 712 1388 735 vs.
1409 700 1519 746 517.⁹
1540 699 1612 736 ubi

311 757 487 803 Salvagn.
507 760 546 789 et
559 754 808 797 Burmannus;
826 751 924 788 adde
942 754 1157 790 Valckenar.
1177 753 1225 789 ad
1239 754 1393 804 Tragici
1415 754 1611 791 Phoeniss-

313 823 352 859 p.
372 811 447 856 784
464 819 542 856 seq.
572 809 755 845 WESS.
781 828 831 834 —
861 809 905 843 In
926 807 1170 855 adpellativo
1199 809 1382 854 nomine,
1408 823 1480 857 pro
1502 809 1612 847 oio-w.-

312 863 389 908 κδς,
404 863 511 914 quod
531 865 657 899 cancri
676 863 876 912 quoddam
897 874 1020 911 genus
1036 870 1115 907 est,
1135 864 1256 912 vulgo
1270 864 1423 900 Atticos
1440 864 1567 901 vocali
1588 879 1613 901 οι

313 933 407 957 cum
429 937 442 958 ο
462 921 687 968 permutata
712 916 858 959 ὄστοικᾶς
875 917 1022 954 dixisse
1037 918 1149 954 docet
1160 919 1370 956 Athenaeus
1388 921 1450 956 ΙΙΙ.
1468 933 1480 955 1
1492 919 1556 955 05.
1573 920 1613 956 b.

312 975 419 1012 Idem
445 974 488 1010 in
516 974 681 1022 proprio
705 973 871 1009 nomine
892 972 986 1009 fecit
1005 973 1038 1010 is
1062 973 1134 1022 qui
1156 973 1314 1022 primus
1330 974 1506 1012 Ὀσι-οικοῦ
1525 975 1567 1012 h.
1582 974 1612 1010 l.

311 1043 386 1079 pro
405 1030 578 1068 'Aeroeuoss‘
598 1028 771 1076 scripsit.
800 1027 844 1065 S.

370 1098 416 1121 22
439 1099 511 1134 seq.
539 1085 718 1122 Μηκιστέα
735 1103 752 1110 -
771 1104 788 1111 -
805 1103 823 1110 -
851 1080 991 1133 Τυδέος)
1020 1084 1246 1120 Herodotum
1265 1095 1375 1120 more
1390 1095 1462 1119 suo
1479 1083 1613 1132 sequi-

311 1146 382 1178 tur
411 1142 570 1178 Pausan.
592 1141 659 1175 IX.
693 1152 732 1187 p.
756 1138 848 1183 745.
879 1141 1064 1176 Mecistem
1094 1139 1167 1187 qui
1196 1139 1468 1187 scripserunt,
1499 1138 1611 1176 nihil

310 1201 396 1232 erat
411 1195 507 1231 adeo
526 1207 600 1231 cur
616 1195 704 1230 viro
732 1193 846 1230 docto
867 1200 1128 1237 notarentur3
1164 1207 1244 1230 non
1275 1200 1380 1230 certe
1401 1193 1613 1241 reprehen-

311 1251 423 1288 deret
459 1249 649 1295 Ἀχιλλέα,
680 1245 868 1290 Ὀδυσσέα,
900 1250 1054 1297 Περσέα,
1086 1249 1213 1285 latine
1236 1249 1451 1285 scribentes
1482 1249 1613 1286 Achil·

311 1310 398 1350 lem,
424 1306 612 1356 Ulyssem.
638 1306 782 1341 Persen.
811 1305 949 1340 Forma
976 1304 1191 1340 nominum
1213 1304 1296 1340 fuit
1317 1303 1500 1347 Aeolica,
1529 1306 1613 1352 Πέρ-

310 1377 390 1406 σης,
413 1358 598 1402 Ὀὃύσσ-κς»
623 1358 806 1404 Ἀχίλλκςτ
829 1360 1061 1395 observante
1081 1361 1154 1396 Ios.
1169 1362 1354 1409 Scaligero
1373 1359 1420 1395 ad
1443 1359 1610 1408 Proper-t.

310 1429 351 1464 p.
377 1417 468 1466 289.
498 1414 666 1462 Duplici
696 1414 824 1450 forma
850 1414 1059 1451 dicebatur
1077 1415 1238 1458 Μενέσθκς
1258 1421 1297 1451 et
1317 1412 1505 1457 Μενεσθεύς·
1536 1413 1610 1452 Ἂν·

309 1469 456 1515 τιφοὶτκς
476 1475 516 1506 et
530 1468 758 1512 Ἀντιφοιτεές.
787 1470 942 1506 VALC
958 1472 1007 1506 K.

370 1527 435 1562 50.
461 1527 647 1572 τραγικεῖσι
668 1520 822 1573 χοροῖο-ι)
850 1527 958 1561 Vero
987 1526 1088 1561 bene
1107 1524 1138 1560 si
1163 1524 1370 1568 concinat,
1401 1523 1604 1572 Sicyonios

310 1582 599 1630 tragoediam
624 1581 798 1615 invenisse
825 1579 998 1628 primos,
1030 1580 1295 1616 Athenienses
1325 1593 1610 1616 consummasse:

311 1637 549 1686 (Themistius
576 1636 645 1671 Or.
667 1636 831 1671 XXVII.
857 1647 896 1683 p.
917 1636 1009 1683 557.
1029 1649 1063 1671 Β.
1093 1632 1289 1683 Τραγῳδίας
1313 1634 1437 1682 εὑρεταὶ
1459 1637 1519 1677 μὲν
1549 1640 1612 1673 Σι-

311 1690 438 1730 κυώνιοι
452 1717 462 1735 ,
483 1691 695 1736 τελεσιευςγιὶ
721 1686 751 1726 δὲ
776 1688 922 1727 Ἀττικοὶ
941 1686 1127 1739 naturast)
1147 1696 1272 1734 certa,
1294 1690 1485 1737 inquam,
1505 1700 1550 1725 ea
1575 1688 1609 1725 si

308 1748 414 1791 sint,
446 1746 564 1782 choris
590 1746 744 1794 tragicis
767 1751 859 1780 ante
878 1745 1065 1793 Thespim
1089 1744 1284 1781 Adrastus
1303 1744 1468 1792 Sicyone
1487 1744 1612 1781 hono-

307 1802 392 1840 rari
415 1800 562 1850 potuit.
593 1799 807 1848 Ceteroqui
823 1800 985 1849 Thespis
998 1828 1008 1844 ,
1022 1800 1262 1850 tragoediam
1279 1798 1450 1835 Athenis
1466 1799 1610 1835 docens

311 1859 475 1905 Olymp.
497 1870 572 1893 Lx1.
593 1858 674 1891 'una
694 1855 949 1905 generatione
968 1855 1174 1893 Clisthene
1193 1861 1362 1903 tyranno
1382 1853 1524 1890 iunior
1541 1860 1613 1891 est.

307 1912 399 1951 Dici
423 1917 569 1960 posset,
593 1916 687 1946 ante
711 1922 796 1946 eam
817 1910 1121 1959 Olympiadem,
1142 1923 1222 1959 qua
1238 1911 1406 1947 Alcestin
1425 1909 1608 1946 fabulam

309 1967 527 2017 produxit,
545 1965 646 2002 alias
674 1965 854 2002 recitasse
867 1992 877 2008 ‚
903 1977 950 2002 ex
967 1966 1166 2003 Plutarcho
1195 1971 1234 2001 et
1255 1966 1416 2014 Diogene
1433 1966 1584 2001 La'e‘rtio
1598 1980 1608 1998 .-

307 2023 478 2060 difficile
502 2028 633 2058 tamen
655 2021 702 2056 ad
725 2021 988 2066 credendum,
1008 2023 1169 2071 tragicos
1188 2021 1340 2065 choros,
1360 2032 1536 2068 quorum
1562 2019 1608 2055 in

307 2077 471 2117 Adrasti
490 2077 604 2113 cultu
622 2081 734 2112 vetus
753 2082 846 2112 ante
864 2082 1082 2124 tyrannum
1104 2088 1216 2121 usus,
1233 2087 1279 2111 ex
1296 2074 1455 2111 iuvenis
1470 2077 1610 2123 poetae

308 2134 403 2173 rudi
425 2133 590 2169 invento
609 2131 816 2178 Sicyonem
840 2131 1027 2181 migrasse
1045 2137 1125 2168 tam
1143 2131 1237 2167 cito.
1280 2132 1407 2167 Immo
1431 2142 1545 2172 vero,
1572 2129 1607 2166 si

307 2189 419 2226 fallit
448 2188 638 2224 Themistii
662 2186 774 2231 fides,
802 2186 902 2222 citra
930 2186 1134 2235 prolepsin
1160 2185 1362 2235 quandam
1392 2185 1491 2221 salvi
1523 2197 1606 2221 non

306 2245 533 2281 manebunt
553 2242 595 2277 hi
611 2243 732 2286 chori,-
750 2254 944 2290 quorsum
964 2242 1137 2278 inclinat
1154 2244 1200 2278 R.
1214 2243 1367 2277 Bentleii
1383 2240 1428 2276 in
1442 2240 1607 2277 Dissert.

305 2300 461 2338 Phalar.
483 2301 606 2346 Ep.·p.
634 2298 724 2345 203.
743 2297 905 2334 erudita
919 2297 1148 2346 explicatio.
1178 2297 1360 2335 WESS.

421 2352 566 2393 C'AP.
595 2349 838 2391 LXVIII.
867 2353 901 2389 5.
932 2352 1023 2391 oev'wf
1044 2352 1090 2389 τοὶ
1109 2354 1284 2389 τελευταῖοι
1305 2348 1458 2399 iniiam)
1489 2350 1604 2398 Quod

309 2408 401 2448 αὐτοὶ
423 2408 469 2447 τοὶ
499 2412 675 2446 τελευταῖοι
697 2408 926 2458 intelligere
954 2420 993 2444 se
1021 2413 1134 2457 negat
1159 2408 1276 2443 Reislc.
1306 2412 1426 2455 atque
1457 2405 1605 2442 idcirco

306 2464 425 2502 miris
444 2464 571 2500 modis
590 2463 805 2507 sollicitat,
826 2469 1086 2499 retractatum
1104 2461 1386 2505 intellexisset,
1401 2463 1515 2510 ipsam
1537 2473 1607 2496 no-

306 2520 468 2558 minum
493 2520 782 2556 terminationem
800 2518 1021 2569 significari
1046 2516 1223 2555 in-oe'rou:
1250 2528 1296 2553 ex
1310 2516 1473 2553 vocibus
1493 2515 1604 2553 enim
