1718 2919
309 268 402 307 An
447 266 1186 308 HERODOT.V11.11.12.
1330 277 1413 321 279

115 374 204 416 ἐστὶ..
225 371 353 409 veluti
375 383 408 408 c.
430 371 492 408 51.
515 377 553 407 et
572 382 684 418 saepe
699 371 814 407 alibi.
834 371 1012 410 WESS.
1034 392 1084 398 -
1112 373 1265 419 Nempe
1286 374 1412 415 γίνεται

112 427 161 464 ad
185 425 291 464 καλδν
317 426 503 462 refertur.
532 426 612 463 Vir
630 427 789 471 doctus,
813 426 878 462 cui
902 428 1029 463 PVess.
1051 439 1131 462 non
1153 426 1323 471 accedit,
1345 439 1413 463 ne·

114 481 194 520 scio
221 494 273 518 an
300 482 455 518 Reiskius
489 481 636 517 fuerit:
664 481 769 516 idem
802 481 966 530 quidem
995 482 1039 517 in
1072 481 1190 518 editis
1216 481 1414 519 Animad-

115 548 232 574 verSS.
258 537 321 572 nil
343 536 455 572 aliud
482 536 528 571 ad
557 537 665 572 hunc
696 537 855 581 locum,
888 536 965 571 nisi
995 537 1067 572 hoc
1100 537 1284 573 monuit:
1318 534 1413 582 ’,ἤδη

113 592 251 638 „bene
278 591 418 636 habet,
445 590 725 641 significatque
757 592 820 627 hic
845 591 922 627 loci
950 605 1045 628 nunc
1071 593 1214 628 tandem
1246 594 1413 641 aliquan·

113 647 241 692 ‚,do.‘·
269 644 314 684 S.

176 701 268 738 Ibid.
298 700 351 738 ἵνα
370 703 427 738 καὶ
447 700 486 739 τέ
515 698 610 738 Smer
624 729 634 745 ,
657 699 696 738 τδ
721 702 878 744 πείσομαι
896 697 990 747 etc.)
1017 697 1057 737 τδ
1075 701 1232 742 πείσομαι
1253 701 1293 736 id
1312 701 1412 738 mali

114 754 289 800 indicat,
325 756 429 804 quod
462 769 530 792 sua
563 756 606 790 in
635 755 789 792 ditione
821 767 1077 804 perpessurus
1107 768 1130 792 a
1156 756 1313 793 Graecis
1343 767 1413 794 rex

114 817 220 855 erat,
240 810 283 847 ni
308 823 371 847 eos
387 810 667 860 adgrederetur
688 810 784 859 ipse.
804 812 937 849 WES
951 811 990 847 S.
1010 830 1061 836 —
1085 812 1214 847 Immo
1234 823 1306 860 per
1332 811 1412 847 iro-
1460 850 1462 852 ,

113 865 224 902 niam
247 866 338 902 haec
359 865 464 902 dicta
484 871 600 902 sunt:
631 872 667 901 ut
699 879 915 916 cognoscam
941 866 1031 902 illud
1060 869 1192 902 malum
1207 893 1216 911 ‚
1237 866 1332 917 quod
1350 873 1387 902 tu
1401 895 1412 911 ,

112 920 323 965 Artabane,
344 922 430 957 mihi
449 922 636 958 ominaris.
664 923 863 969 Perspecte
884 921 927 956 in
950 921 1051 956 hanc
1070 922 1308 958 sententiam
1326 933 1413 959 vcr-

112 976 162 1012 ba
185 976 258 1012 ista
274 976 560 1024 interpretatus
577 982 634 1012 est
649 977 824 1013 Larcher.
851 978 895 1012 In
916 975 1070 1012 Latinis
1086 976 1231 1013 nostris
1248 977 1287 1013 h.
1304 977 1332 1012 l.
1346 989 1412 1013 vo·

114 1031 206 1067 cula
226 1037 265 1067 ut
282 1031 490 1067 intercidit
508 1047 515 1065 ε
540 1032 770 1079 oportebat,
795 1045 814 1066 u
829 1037 843 1066 t
864 1038 899 1067 et
923 1044 988 1080 ego
1011 1033 1207 1080 periculum
1225 1038 1297 1069 etc.
1327 1030 1370 1069 S.

174 1086 237 1122 23.
266 1087 390 1127 Πέλοψ
420 1085 438 1123 δ
472 1085 580 1134 Φρύξ,
617 1085 670 1123 {dv
701 1087 848 1133 πατέρων
877 1087 942 1123 τῶν
972 1086 1057 1127 ἐμῶν
1089 1084 1224 1134 δοῦλος)
1261 1088 1411 1123 Iactan-

115 1140 194 1178 tiae
211 1153 255 1177 ac
275 1140 415 1177 Persici
433 1141 555 1176 fastus
573 1141 771 1188 specimen
791 1141 884 1177 haec
902 1141 1012 1176 dant.
1041 1143 1141 1177 Nam
1163 1143 1303 1190 Pelopis
1325 1148 1412 1178 tem-

107 1210 220 1247 pore,
247 1196 416 1247 Phrygia
436 1196 498 1231 sub
519 1197 705 1233 Medorum
727 1196 872 1245 imperio
898 1210 972 1232 non
997 1203 1100 1241 erat,
1128 1211 1236 1245 neque
1256 1210 1411 1246 unquam

111 1248 381 1297 anteafuerat‚
402 1250 457 1287 sic
468 1252 665 1287 Palmerius
682 1252 724 1287 in
746 1251 1124 1288 Exercitationibus.
1155 1251 1259 1287 Vide
1277 1258 1408 1288 tamen

112 1307 303 1344 Platonem
329 1306 402 1341 lib.
424 1308 488 1342 ΙΙΙ.
510 1306 557 1341 de
576 1309 662 1356 Leg.
690 1320 774 1356 pag.
800 1307 891 1344 685.
914 1321 951 1343 n.
975 1307 1158 1345 WESS.
1197 1326 1248 1333 —
1293 1307 1408 1343 Conf.

111 1360 246 1412 ipsum
266 1362 445 1398 Herodot.
466 1361 539 1397 lib.
553 1364 620 1398 IX.
642 1374 676 1398 c.
708 1362 795 1398 116.
823 1360 867 1399 S.

172 1430 250 1452 20-
264 1417 327 1453 23.
357 1415 463 1454 καλόν
482 1437 499 1444 ·-
515 1437 532 1444 -
551 1437 568 1444 -
588 1417 750 1465 τιμωρέειν
775 1414 833 1457 ἤδη
855 1419 921 1459 γίνε
924 1411 1012 1466 ται)
1038 1418 1186 1453 Prostat
1209 1416 1410 1453 coniectu-

112 1484 157 1510 ra
182 1473 315 1509 Reiskii
343 1471 509 1520 legentis
532 1472 715 1520 τιμωρέειν,
740 1468 758 1508 ὃ
771 1499 782 1516 ,
803 1488 834 1509 τι
856 1469 891 1512 δη
917 1474 974 1509 καὶ
999 1487 1035 1514 γε
1030 1472 1152 1513 'vm-ou.
1182 1471 1284 1507 mihi
1309 1484 1410 1520 quo-

113 1539 192 1577 que
212 1527 273 1563 his
292 1526 480 1575 impediti
497 1526 626 1575 quid
616 1538 741 1562 messe
758 1526 943 1571 videtur,
968 1526 1074 1573 quod
1097 1526 1197 1563 forte
1216 1526 1306 1563 tolli
1324 1539 1409 1575 pos-

113 1588 171 1620 set
199 1582 232 1619 si
259 1581 524 1619 scriberetur:
556 1579 663 1618 κοιλδν
689 1584 729 1618 ὠν
755 1553 1019 1629 προπεπονθότας
1043 1580 1148 1624 κμέας
1169 1582 1345 1650 τιμωρεῖῑειν
1370 1582 1407 1622 ἦν

114 1633 146 1675 δὲ
167 1634 204 1678 δη
225 1653 255 1674 τι
274 1653 311 1679 γε
305 1638 425 1678 'vm-m,
447 1635 501 1674 ι’να
523 1638 581 1672 καὶ
606 1652 644 1673 το
672 1632 767 1673 δεινον
787 1652 825 1673 το
848 1638 1007 1676 πείσομαι
1025 1637 1121 1673 τοῦτο
1141 1635 1259 1681 μα’θω,
1280 1634 1406 1678 ἐλάσας

115 1691 167 1729 ἐπ’
194 1688 311 1740 ἄνδρας
337 1690 491 1734 τούτους,
520 1705 634 1733 τουςγε
656 1692 713 1727 καὶ
740 1691 864 1735 Πέλοψ
892 1689 1040 1738 ὄΦρῦξ,
1069 1689 1124 1728 ἔων
1152 1691 1236 1732 ἕμῶν
1259 1692 1406 1738 πατέρων

113 1742 236 1789 δοῦλος.
266 1745 454 1790 subditos,
480 1751 673 1793 tanquam
696 1742 877 1790 δεσπόται,
910 1747 1116 1781 Persarum
1136 1746 1255 1794 Reges
1278 1743 1410 1787 δούλους

109 1802 323 1838 vocabant:
354 1801 455 1837 hanc
489 1806 619 1836 tamen
653 1800 796 1837 Xerxis
822 1800 870 1836 dc
896 1800 1119 1844 maioribus
1149 1800 1232 1836 suis
1254 1799 1410 1836 vanilo-

111 1856 322 1905 quentiam
347 1857 467 1893 verbo
483 1855 686 1904 castigavit
705 1856 860 1892 Palmer.
880 1855 1049 1892 Exercit.
1068 1869 1107 1903 p.
1128 1855 1191 1894 31.
1219 1856 1325 1903 Apte
1344 1853 1411 1890 hie

114 1911 288 1948 narratis
314 1910 501 1960 congruit
533 1910 709 1946 formula
743 1910 960 1958 loquendi,
995 1907 1033 1951 ἣν
1063 1908 1096 1948 δέ
1126 1927 1158 1948 τι
1186 1911 1341 1952 γένηται,
1377 1910 1408 1945 si

113 1967 198 2016 quid
213 1973 331 2003 autem
349 1968 502 2003 evenerit
526 1967 626 2002 mali.
649 1963 704 2002 z’a'v
723 1981 754 2002 τι
775 1967 960 2013 συμβαίνῃ,
982 1962 1037 2002 ἐεέν
1056 1982 1090 2003 τι
1113 1966 1270 2008 γένηται,
1294 1963 1409 2000 simi-

112 2021 269 2070 lesque,
302 2022 534 2069 frequenter
563 2025 795 2057 occurrunt.
824 2020 1039 2057 VALCK.
1061 2040 1112 2047 -—-
1155 2019 1261 2058 Vide
1286 2019 1409 2067 paulo

112 2081 205 2112 ante
233 2081 380 2113 notata.
408 2074 454 2113 S.

223 2129 369 2172 CAP.
399 2127 515 2170 XII.
542 2128 604 2180 [5.
638 2130 726 2166 νυκτὶ
759 2125 789 2166 δὲ
814 2128 973 2171 βουλὴν
1007 2125 1186 2180 ἓιδοῦς)
1224 2128 1414 2179 Intellige

119 2183 246 2233 ἑωυτῷ,
282 2186 361 2222 nisi
394 2198 557 2235 prorsus
587 2183 788 2220 adiectum
819 2183 921 2221 olim
951 2184 1035 2220 fuit
1063 2184 1136 2221 hoc
1166 2196 1410 2233 pronomen,

116 2239 223 2288 quod
243 2240 359 2277 hodie
381 2241 546 2290 quidem
576 2239 765 2289 ignorant
789 2239 903 2275 libri.
943 2239 1008 2277 Sic
1025 2251 1141 2284 vero,
1162 2239 1299 2276 eadem
1325 2250 1411 2276 sen-

117 2293 265 2340 tentia,
293 2296 524 2344 frequenter
556 2293 656 2337 λόγον
689 2293 799 2342 ἑωυτῷ
832 2291 952 2332 διδόναι
983 2299 1154 2343 usurpat
1183 2296 1350 2340 Noster,
1379 2296 1411 2331 Ι.

119 2333 1013 2400 209,11.11.162‚25.111.25‚'5.etc.S.]

173 2404 265 2441 lbid.
294 2402 415 2453 ευρισκέ
433 2407 459 2444 εἴ
477 2404 512 2444 οὗ
531 2419 608 2453 oren
623 2419 716 2446 γμοι
738 2401 841 2452 εἶναι)
861 2405 1009 2441 Contra
1028 2404 1104 2442 lib.
1117 2405 1148 2441 Ι.
1162 2416 1194 2441 c.
1217 2416 1278 2455 19.
1293 2405 1409 2441 Croe-

120 2469 185 2494 sus
205 2458 433 2504 Βουλευόμενος
460 2458 583 2508 εὕρισκε
607 2456 753 2506 πρῆγμά
783 2474 810 2496 οι
837 2456 915 2496 εἶναι
940 2457 1081 2497 ἐλαύνειν
1110 2458 1151 2502 ὠς
1175 2457 1330 2505 τάχιστοι
1355 2459 1410 2495 ἐπὶ

119 2509 181 2556 τοὶς
203 2511 333 2563 Σάρδις.
353 2513 432 2552 vid.
453 2517 560 2553 Clar.
582 2514 744 2551 VVessel.
764 2512 812 2549 ad
829 2515 900 2551 IV.
922 2525 954 2550 c.
977 2526 1037 2551 11.
1057 2515 1249 2564 Aristoph.
1268 2514 1412 2551 Eccles.
