1718 2919
311 200 389 246 πω
602 195 1348 238 ADNOTATIONES

310 300 445 339 Editio
467 301 782 349 repraesentabit
809 302 986 338 Herodoti
1013 314 1180 337 manum
1196 328 1205 345 ,
1232 303 1267 344 ἐς
1292 300 1549 349 Ἀμαζονίδα
1564 320 1604 346 ς,

309 354 389 398 τοὶς
409 355 499 392 doro*
521 353 840 404 Θερμώδοντος,
868 356 1003 392 eiectis
1021 357 1259 393 auctoritate
1287 357 1478 394 Codicum
1500 358 1606 394 voci-

308 412 385 447 bus
404 410 626 447 interiectis
653 409 715 453 τοὶς
741 409 931 452 οέποθήκοις,
958 424 1061 459 quae
1079 411 1286 449 variorum
1312 411 1426 448 nobis
1449 423 1608 460 pepere-

308 471 403 504 rant
418 465 678 502 coniecturas.
698 466 775 501 VA
789 467 817 501 1.
828 466 857 502 C
870 468 917 500 K.

371 534 432 571 19.
461 517 744 565 ἒςἈμοιξονίδοις,
781 518 844 562 τοὶς
871 518 946 556 οἷπδ
974 518 1108 567 Θερμ.)
1140 520 1341 558 Edebatur
1369 523 1458 559 Aldi
1477 534 1607 558 exem-

310 576 402 624 plo,
424 573 489 618 τοὶς
512 572 747 620 Ἀμαζονίδας,
779 572 856 616 τοὶς
886 574 1132 620 οἰποθῆκοες,
1164 574 1226 617 τοίς
1249 573 1322 613 dm*
1353 574 1602 624 Θερμώδοντοςε

310 642 487 680 quorum
515 630 564 666 ad
585 628 649 671 τοὶς
670 626 843 672 simmam
864 628 987 665 multi
1019 630 1164 666 merito
1183 630 1451 668 offenderunt.
1496 630 1612 679 Quid·

309 686 386 722 illa
405 685 516 721 enim
543 684 590 721 ad
625 685 871 720 Amazonas?
903 685 1046 721 Cor-nel.
1073 686 1115 721 de
1147 686 1258 721 Pauw
1281 684 1344 728 τοὶς
1370 683 1604 728 “Madv-ag,

308 741 450 790 rigidas
467 746 505 775 et
525 753 665 776 severas
685 739 875 774 formavit
894 755 901 772 :
922 741 1121 777 Gronovius
1141 739 1205 783 τοὶς
1224 737 1415 782 dmum,
1435 747 1610 789 tanquam

297 793 428 844 furias
459 802 494 832 et
512 797 654 831 minime
676 794 926 831 desiderabiles
941 792 1116 841 seminas.
1146 795 1204 829 De
1218 794 1412 831 sententia
1434 796 1488 832 Io.
1509 796 1611 843 Tay-

311 853 368 887 lor
384 853 486 887 Lect.
510 851 657 897 Lysiae.
678 862 710 885 c.
731 857 768 893 4.
790 849 940 893 fuerat,
960 847 1023 892 τοὶς
1042 846 1275 895 Ἀμαζονίδας,
1297 848 1361 892 τοὶς
1383 848 1456 897 dm*
1478 855 1605 891 Θεμι.

311 903 414 951 σκύρ
427 921 471 947 οις
494 905 554 948 τῆς
572 905 625 942 ἐπὶ
645 901 885 951 Θερμώδοντος.
914 903 1042 940 Aliud
1055 910 1222 940 sectatus
1235 904 1450 941 Abreschius
1462 933 1472 949 ‚
1489 904 1609 940 Dilu-

309 959 387 997 eid.
406 959 581 1007 Thucyd.
599 972 638 1007 p.
659 959 770 1003 655„
789 960 1005 995 verborum
1026 959 1168 995 seriem
1189 959 1424 1003 ordinabat,
1443 955 1480 996 εὖ
1498 956 1529 997 δὲ
1546 960 1607 996 καὶ

310 1012 383 1060 ἔχει
409 1013 486 1056 »futu
521 1009 673 1063 (κατ-οὲ)
698 1011 762 1056 τοὶς
788 1012 962 1056 οὲποθῆκοις
991 1012 1106 1062 (ἡμῶν
1140 1012 1210 1058 td)
1237 1012 1329 1061 ἔργον
1358 1011 1451 1061 (vd)
1484 1014 1514 1056 ἐς
1540 1011 1604 1056 τοὶς

310 1066 547 1114 Ἀμαζονίδας,
581 1067 643 1109 τοὶς
666 1066 741 1105 dno*
768 1073 878 1116 Θερμ.
911 1070 1010 1118 Quin
1025 1075 1060 1105 et
1082 1071 1122 1105 in
1142 1069 1321 1105 thesauris
1331 1067 1523 1115 factorum
1543 1081 1609 1104 no-

309 1130 468 1161 strorum
498 1125 692 1160 illustrium
727 1123 894 1160 habemus
927 1125 1038 1168 illud,
1075 1125 1169 1173 quod
1201 1124 1369 1160 adversus
1398 1127 1609 1161 Amazonas

309 1180 505 1228 gessimus:
537 1177 694 1214 addidit
715 1177 986 1214 coniecturam
1015 1178 1139 1214 aliam
1154 1205 1163 1222 ‚
1191 1191 1314 1226 quam
1336 1177 1395 1214 ibi
1425 1177 1502 1227 legi
1525 1190 1609 1216 ma-

309 1233 401 1269 lim.
443 1233 580 1281 Atque
608 1233 703 1268 haec
728 1233 949 1269 clarissime
976 1232 1298 1269 doctissimorum
1326 1233 1508 1269 virorum
1533 1231 1610 1268 flu-

309 1287 532 1324 ctuationes
547 1314 556 1332 ‚
581 1298 627 1323 ex
649 1287 896 1335 pravissimis
919 1287 982 1330 τοίς
1006 1287 1178 1330 οἰποθνὶκοις
1198 1294 1352 1332 auctas,
1379 1287 1609 1324 ostendunt.

311 1344 497 1391 Quorum
525 1341 712 1390 equidem
740 1341 1009 1379 divinationes
1039 1341 1170 1379 malui
1204 1354 1449 1390 proponere,
1482 1355 1606 1390 quam

311 1397 360 1433 ad
379 1408 545 1433 examen
568 1408 761 1434 revocare.
800 1397 935 1434 Sentio
954 1397 1063 1433 enim
1087 1410 1180 1433 cum
1213 1398 1324 1434 Galeo
1350 1395 1413 1440 τοὶς
1436 1396 1610 1440 οέποθῆκας

311 1452 356 1488 in
391 1452 565 1488 exilium
589 1451 777 1501 agendas,
806 1465 1001 1501 quorsum
1031 1453 1081 1488 ab
1110 1463 1175 1488 sex
1201 1453 1327 1488 bonae
1356 1451 1448 1489 fidei
1483 1463 1609 1489 mem·

311 1507 449 1543 branis
469 1508 725 1557 ablegantur,
745 1507 907 1544 fortasse
926 1507 1047 1544 etiam
1070 1506 1271 1555 pluribus.
1303 1508 1509 1544 Florentiae
1525 1518 1608 1543 cer-

314 1568 351 1598 te
375 1561 440 1598 vir
469 1563 603 1600 Celeb.
633 1562 740 1599 nihil
762 1562 968 1612 singulare
989 1561 1186 1606 enotavit,
1211 1561 1328 1598 cuius
1351 1561 1515 1610 quidem
1547 1561 1610 1597 bi-

311 1616 534 1654 bliothecae
548 1617 768 1665 exemplari
785 1630 878 1654 cum
898 1617 1042 1665 passim
1062 1618 1152 1654 Ask.
1167 1623 1206 1652 et
1219 1618 1322 1654 Pass.
1338 1616 1609 1660 consentiant,

313 1672 474 1720 opinari
501 1678 541 1708 et
570 1672 676 1707 illud
709 1671 774 1714 τοὶς
802 1672 975 1715 α’ποθήκοις
994 1684 1073 1708 non
1100 1671 1306 1716 habuisse,
1337 1671 1446 1708 licet.
1474 1667 1608 1722 [Vide

317 1728 408 1764 Var.
427 1723 557 1778 Lech]
586 1728 644 1764 De
661 1727 945 1773 Parisiensibus,
974 1739 1150 1775 quorum
1179 1732 1361 1763 accurata
1391 1739 1471 1763 non
1494 1738 1612 1762 usur-

312 1782 403 1831 pavi
421 1788 626 1830 excerpta,
656 1787 782 1818 tacere
799 1782 933 1818 debeo.
970 1779 1054 1832 [Ex
1079 1782 1197 1817 nullo
1216 1787 1393 1830 quatuor
1412 1780 1607 1819 Codicum

312 1836 597 1874 Parisiensium
612 1867 621 1882 ‚
650 1849 826 1885 quorum
859 1837 1099 1874 lectionibus
1119 1836 1212 1872 satis
1237 1836 1456 1886 diligenter
1478 1847 1610 1872 excer-

310 1892 393 1940 ptis
426 1892 488 1928 uti
509 1893 624 1928 nobis
643 1890 785 1936 licuit,
806 1898 962 1928 enotata
988 1892 1060 1928 ista
1082 1891 1316 1939 importuna
1337 1893 1455 1928 verba
1482 1887 1608 1941 sunt.]

309 1947 490 1984 *Abunde
517 1947 622 1984 mihi
652 1946 837 1992 videtur,
868 1946 1188 1995 corruptissimus
1218 1958 1329 1982 voees
1359 1948 1410 1982 ah
1441 1945 1606 1993 optimis

310 2001 432 2038 -libris
465 2003 619 2047 abesse,
654 2006 765 2037 natas
795 2002 1026 2045 scribentis,
1053 2001 1115 2038 uti
1146 2000 1313 2049 opinor,
1341 2001 1524 2045 incuria,
1558 2011 1606 2036 ex

313 2056 508 2093 continuo
526 2055 785 2107 sequentibus
808 2055 872 2100 τοὶς
896 2056 970 2095 dno*
991 2062 1098 2103 Θερμ.
1123 2055 1301 2092 Vocibus·
1317 2055 1488 2094 WESS·

372 2123 435 2148 21.
465 2111 494 2149 ἔν
522 2117 604 2150 τοῖσι
634 2114 874 2160 Τρωϊκοῒσι
902 2108 1058 2159 πόνοιο-ι)
1094 2114 1266 2158 Τρωϊκοῖσι
1295 2123 1374 2147 non
1406 2109 1604 2154 sollicito,

314 2165 471 2202 tametsi
498 2167 621 2204 Cicero
645 2168 735 2204 Nat.
755 2166 871 2203 Deor.
891 2168 956 2202 III.
980 2177 1041 2201 21.
1073 2166 1235 2202 Heroicis
1261 2165 1474 2214 temporibus
1490 2193 1499 2208 ‚
1518 2170 1557 2201 et
1577 2166 1606 2202 ἐν

316 2223 384 2263 τοῖς
401 2220 571 2268 Ἱῐρωϊκοῖς
596 2220 721 2270 χρόνοις
749 2221 931 2257 Diodorus
951 2220 1025 2256 lib.
1041 2221 1133 2257 XV.
1155 2233 1220 2271 79.
1245 2222 1304 2257 Tu
1325 2219 1416 2258 vide
1437 2221 1524 2257 VII.
1541 2232 1606 2256 20.

310 2275 488 2313 WESS.
658 2294 659 2297 =

374 2342 417 2365 21
439 2344 511 2380 seq.
542 2332 639 2374 Ista,
668 2330 704 2368 οὗ
722 2328 789 2378 ’γάρ
810 2346 843 2367 τι
868 2327 1049 2375 προύχει
1065 2327 1223 2378 (τουτέων
1245 2324 1515 2378 ἔπιμεμνῆσθοει)
1543 2340 1610 2364 ex·-

315 2384 498 2433 planavit
516 2388 563 2423 A.
588 2387 781 2422 Dounaeus
801 2384 845 2420 in
865 2385 1052 2421 Demosth.
1074 2397 1112 2432 p.
1134 2396 1197 2433 29·
1211 2385 1366 2421 VALC
1381 2386 1430 2421 K.
1447 2404 1498 2410 —
1535 2384 1610 2419 Re·

311 2439 481 2487 spondet
503 2439 585 2477 fere
608 2439 846 2478 Latinorum
875 2440 967 2477 nihil
981 2444 1181 2490 promovet.
1200 2438 1266 2478 -02’2‘
1284 2456 1318 2477 τι
1342 2439 1496 2488 προέχει,
1519 2449 1609 2490 pro-
