1718 2919
285 218 337 263 34
565 204 1317 249 ADNOTATIONES

286 314 528 359 desiderem,
559 313 638 349 nisi
674 317 720 349 ut
743 310 965 360 Δορυςλγου
996 315 1253 347 convertatur
1279 309 1323 345 in
1349 319 1491 345 verum
1515 320 1586 345 no-

288 382 379 408 men
400 368 584 419 Δορύσσο
597 386 614 406 υ
635 379 681 403 ex
698 368 814 404 Arch.
833 372 871 402 et
891 379 1015 415 marg.
1033 367 1158 415 steph.
1173 366 1387 402 VALCK.

341 425 433 463 Ibid.
463 425 524 463 τοῧ
545 420 789 471 Δορύσσου)
820 422 1044 466 Pausanias,
1074 421 1292 458 Plutarchus
1307 448 1317 464 ‚
1348 424 1386 455 et
1407 430 1506 467 quos
1530 418 1584 455 Io.

287 483 465 518 Meursius
498 480 619 528 Regu.
650 477 873 514 Lacedaem.
903 489 935 513 c.
962 491 998 526 9.
1022 475 1223 520 laudavit,
1252 473 1407 524 regium
1436 484 1584 513 nomen

287 535 394 572 haud
413 535 538 571 edunt
559 533 699 575 aliter3
719 538 956 580 praeterque
976 544 1038 568 eos
1056 542 1212 575 omnes,
1229 529 1382 578 clypei,
1404 527 1451 564 ad
1481 530 1586 564 Vete-

265 586 269 590 ’
288 591 344 628 ris
366 591 528 639 Spartae
549 589 688 624 ruinas
707 600 727 623 a
749 587 811 624 Cl.
830 588 1062 624 fourmontio
1083 586 1213 631 eruti,
1234 585 1327 621 haec
1347 582 1582 632 inscriptio:

395 648 723 684 ΤΑΛΕΚΛΟΣ
755 647 831 680 ΤΟ
862 647 1132 679 ΑΡΧΕΛΑΟ

394 705 466 739 ΤΟ
496 701 801 737 ΑΓΕΣΙΛΑΟ
832 701 908 734 ΤΟ
939 700 1219 734 ΔΟΡΥΣΣΟ

394 760 468 794 ΤΟ
500 757 778 792 ΛΑΒΟΤΑΣ
807 756 881 789 ΤΟ
912 754 1270 789 ΕΧΕΣΤΡΑΤΟ

395 816 421 848 Β
435 815 459 847 Α
475 816 500 846 Γ
514 814 544 846 O
556 814 601 846 Σ.

289 872 374 902 tum
395 864 527 901 medio
548 862 590 898 in
614 861 775 910 clypeo:

396 921 802 958 ΕΧΕΣΤΡΑΤΟΣ
832 920 1073 954 ΑΓΙΔΟΣ.

288 976 523 1023 Provulgata
548 984 589 1008 ea
612 977 669 1008 est
696 970 738 1006 in
761 971 974 1007 Conment.
999 971 1121 1008 Acad.
1149 969 1332 1018 Inscript.
1353 968 1394 1006 T.
1417 969 1524 1006 XVI.
1547 982 1586 1017 p.

294 1031 381 1068 103.
401 1031 467 1066 Ed.
493 1030 632 1071 Paris.‚
667 1037 739 1074 per
756 1025 804 1061 ad
827 1026 936 1061 hunc
956 1027 1090 1062 locum
1113 1026 1248 1068 utilis,
1277 1024 1394 1060 cuius
1417 1023 1586 1073 quidem

287 1089 550 1124 ΛΑΒΟΤΑΣ
583 1094 663 1118 una
693 1080 828 1117 littera
855 1080 961 1117 iusto
988 1081 1146 1118 auctior
1164 1079 1371 1117 scribitur.
1402 1083 1585 1117 ΒΑΓΟΣ

286 1139 429 1191 gentili
453 1139 623 1174 dialecto
638 1163 647 1181 ‚
673 1142 765 1172 teste
781 1137 985 1186 Hesychffi,
1005 1135 1174 1178 Βασιλεύς.
1206 1139 1584 1174 ΕΧΕΣΤΡΑΤΟΣ

287 1199 497 1234 ΑΓΙΔΟΣ
515 1219 524 1237 ,
551 1194 694 1229 Ionum
716 1203 896 1227 sermone
915 1189 1108 1234 σοῦ”Ηγιος
1124 1217 1134 1236 ,
1169 1189 1290 1227 sicuti
1311 1189 1513 1238 praeclare
1537 1187 1582 1224 in

286 1249 449 1288 schedis.
484 1248 661 1285 WESS.

394 1300 541 1343 CAP.
573 1299 724 1342 CCV.
746 1296 763 1351 [
780 1308 801 1345 4
818 1315 890 1351 seq.
912 1301 1042 1347 Δωριέος
1057 1320 1074 1328 -
1096 1320 1113 1327 ·
1133 1320 1149 1327 -
1166 1297 1419 1343 τελευτήσαντος
1438 1298 1466 1336 ἓν
1486 1303 1585 1336 Σικε-

287 1358 366 1408 λίῃ)
386 1358 491 1396 Vide
507 1358 580 1394 lib.
602 1360 653 1395 V.
674 1369 706 1393 c.
729 1365 775 1400 42
793 1357 884 1401 -46,
925 1354 993 1401 5.]

345 1429 380 1465 9.
410 1412 484 1456 τούς
509 1412 820 1454 κατεστεῶτας
849 1406 1076 1459 τριηκοσίους)
1110 1411 1241 1446 Omnes
1275 1409 1425 1445 militari
1451 1414 1588 1445 aetate·

287 1468 360 1513 τούς
384 1469 413 1506 ἐν
441 1468 558 1515 ἧλικίᾳ
583 1466 816 1504 Demosthen.
844 1465 1021 1514 Philipp.
1040 1467 1068 1502 Ι.
1098 1477 1135 1512 Ρ.
1159 1465 1222 1501 31.
1251 1462 1325 1506 mig
1349 1464 1376 1501 ἐν
1406 1466 1480 1506 ταῖς
1511 1462 1585 1504 ἧλι-

287 1526 375 1566 κίαις
394 1523 523 1575 Ροζγῦ.
538 1524 606 1559 IV.
628 1524 690 1558 82.
707 1549 715 1566 ‚
735 1520 815 1557 sive
837 1521 864 1558 ἔν
884 1520 999 1568 ἦλικίᾳ
1022 1518 1118 1562 ὄντας
1136 1521 1219 1568 μέσῃ
1241 1535 1274 1557 τε
1290 1520 1347 1555 καὶ
1372 1519 1473 1556 καθε
1486 1534 1586 1557 στη-

286 1581 415 1626 κυίᾳ,
447 1577 647 1626 quomodo
671 1578 778 1613 Plato
806 1578 876 1624 Ep.
897 1577 960 1611 Ill.
985 1589 1022 1623 p.
1054 1575 1145 1610 516.
1167 1587 1198 1609 c.
1223 1581 1261 1610 et
1290 1573 1518 1624 Thucydides
1537 1573 1582 1608 ΙΙ.

290 1635 352 1669 56.
377 1633 446 1669 ubi
463 1634 696 1670 Abreschius.
723 1631 835 1668 Tales
854 1631 1053 1678 Epicurus
1070 1657 1079 1674 ‚
1111 1629 1241 1665 laxius
1265 1635 1396 1664 tamen
1419 1640 1491 1675 pro
1514 1640 1586 1664 sua

286 1689 468 1725 doctrina
487 1715 496 1733 ‚
515 1689 543 1724 ἐν
563 1685 706 1727 otio-fissa
726 1687 938 1728 καθεστῶτας
952 1685 1057 1720 dixit
1075 1684 1181 1732 apud
1198 1684 1299 1720 Stob.
1318 1685 1445 1720 Serm.
1461 1684 1587 1720 XVII.

288 1757 325 1792 p.
353 1745 440 1794 159·
467 1743 638 1781 UESS.
668 1762 718 1767 —
760 1740 947 1778 Eamdem
973 1741 1052 1776 fere
1081 1739 1123 1774 in
1148 1739 1386 1776 sententiam
1417 1739 1588 1775 Camera-

286 1802 360 1836 rius
389 1799 578 1843 (notante
607 1799 658 1833 H.
678 1796 803 1845 Steph.
831 1796 874 1831 in
895 1808 960 1831 ora
982 1807 1075 1832 suae
1096 1794 1215 1842 edit.)
1249 1807 1320 1842 pro
1347 1806 1391 1830 eo
1412 1793 1519 1842 quod
1539 1792 1583 1828 in

291 1855 422 1891 Vallae
447 1852 600 1889 Latinis
631 1857 717 1888 erat
746 1852 928 1901 delegerat
958 1857 1135 1887 trecentos
1163 1864 1180 1886 e
1208 1849 1497 1898 primoribus
1530 1850 1585 1885 vi-

287 1923 347 1946 ros
360 1938 369 1954 ,
398 1906 473 1951 τοΰς
491 1909 721 1946 narso-redsa:
740 1920 759 1942 c
772 1921 853 1943 ons
866 1913 914 1942 ta
928 1921 951 1942 n
964 1908 1027 1942 tis
1049 1907 1233 1941 aetatis
1261 1908 1356 1940 viros
1386 1904 1585 1951 interpre-

288 1969 393 2000 tatus
413 1970 511 1999 erat.
540 1966 678 2011 Neque
696 1961 849 1997 diversa
870 1968 967 2009 puto
993 1973 1102 1996 mens
1126 1961 1306 1996 Gronovio
1327 1959 1425 2002 fuit,
1451 1971 1582 2006 quum

287 2020 430 2056 delectis
459 2020 627 2054 trecentis
657 2031 706 2052 co
721 2019 952 2066 mpositis
978 2018 1066 2052 viris
1088 2015 1130 2050 in
1155 2016 1280 2051 latina
1308 2013 1487 2050 versione
1502 2040 1512 2057 ‚
1539 2012 1583 2049 in

288 2087 367 2122 qua
395 2073 503 2109 nihil
537 2074 608 2108 hoc
641 2074 725 2107 loco
761 2074 1030 2120 lsVesselingius
1058 2070 1255 2113 mutavit,
1283 2068 1486 2105 scriberet.
1516 2069 1585 2105 Po-

289 2136 422 2165 tuerat
458 2140 528 2175 pro
562 2128 633 2163 ista
666 2127 777 2162 verbi
813 2127 998 2170 notione,
1034 2132 1189 2173 praeter
1218 2124 1297 2160 alia
1335 2122 1599 2169 testimonia„

286 2185 332 2220 acl
361 2184 496 2221 Cebetis
517 2185 610 2218 Tab.
633 2180 752 2229 (cap.
774 2195 826 2218 iv.
851 2191 1006 2217 nostrae
1035 2181 1153 2226 «1η,ι
1186 2179 1412 2227 provocari,
1435 2178 1505 2214 ubi
1526 2183 1585 2215 est

287 2238 367 2282 yvvvl
388 2240 610 2277 καθεστηκυῖαι
627 2235 667 2274 τέ
693 2234 890 2283 πξέσωπσν,
921 2236 1072 2272 mulier
1102 2237 1308 2279 constanti,
1332 2234 1414 2270 sive
1439 2247 1583 2283 compo-

286 2297 358 2330 sito
381 2296 505 2329 vultu:
528 2292 787 2340 aliquatenus
819 2291 938 2326 etiam
964 2290 1010 2325 ad
1036 2290 1163 2341 Polyb.
1184 2290 1304 2326 XXII.
1331 2300 1399 2334 14,
1430 2302 1490 2326 10.
1511 2287 1582 2324 ubi

287 2349 460 2386 &amem
488 2349 726 2387 καθεστηκυῖα,
758 2360 854 2382 mare
880 2347 1064 2389 sedatum,
1095 2347 1339 2393 compositum.
1386 2343 1583 2381 Eumdem

287 2403 417 2452 igitur
436 2415 504 2451 ego
524 2402 567 2437 iu
589 2401 715 2437 latina
742 2408 872 2437 nostra
892 2401 1072 2437 versione
1091 2410 1246 2436 secutus
1264 2426 1272 2437 ,
1293 2398 1492 2435 adiectum
1512 2397 1586 2441 ruti:

285 2458 509 2494 articulum
544 2460 688 2506 (quem
719 2457 872 2493 obstare
901 2456 997 2492 huic
1024 2454 1351 2504 interpretationi
1378 2454 1584 2492 Lar-charus
