1718 2919
265 232 303 271 A
332 232 371 271 D
412 230 805 271 HERODOT.
845 231 963 273 VII.
998 233 1087 275 133.
1117 235 1207 282 134.
1316 234 1393 283 375

114 334 255 374 Θῦεσθοιι
275 336 334 372 καὶ
351 338 550 382 καλλιερεῖν,
572 335 740 378 θυομένοις
757 334 852 374 καλοὶ
868 334 914 373 τοὶ
932 335 999 384 ἱεροὶ
1020 337 1164 379 γενέσθαι
1176 336 1393 381 dicuntur,

111 395 153 426 et
169 389 411 437 simpliciter
431 386 553 425 etiam
581 388 627 426 ro?
661 389 727 437 ἱεροὶ
746 392 914 435 γενέσθαι,
946 391 1052 438 quod
1077 391 1183 439 apud
1207 391 1392 428 eumdem

114 457 155 493 p.
185 444 259 488 234
279 470 289 488 ‚
322 445 383 494 39.
418 444 461 480 in
491 446 590 482 Msto
616 444 708 480 Cod.
739 445 978 480 reddebatur
1006 443 1052 482 τοὶ
1082 444 1148 493 ἱεροὶ
1180 445 1275 483 καλοὶ
1293 444 1391 484 εἷναιε

111 498 218 546 apud
237 499 424 536 Demosth.
449 512 485 547 p.
511 498 622 545 775.‚
640 498 749 541 γέγονε
770 498 865 536 καλοὶ
883 520 900 527 -
917 519 934 526 -
952 497 998 536 τοὶ
1021 498 1109 547 ἱεροὶε
1130 505 1169 535 et
1189 500 1393 548 ἐκαλλιεροῧ-

110 568 183 596 μεν.
200 553 281 590 vid.
302 554 408 591 Clar.
427 554 479 592 Io.
505 555 646 601 Ταγίοι·
669 552 711 588 in
732 555 821 604 Lys.
844 566 882 601 p.
904 554 948 589 32
967 580 976 598 ‚
997 554 1055 590 33.
1087 553 1240 602 quique
1259 553 1394 602 pluri-

110 620 176 644 ma
205 608 367 657 collegit
396 610 479 644 Des.
502 609 683 644 Heraldus
709 608 873 645 Advers.
892 609 920 644 Ι.
939 619 971 644 c.
995 608 1028 644 5.
1043 634 1053 652 ,
1085 609 1225 645 Dukero
1249 608 1393 645 citatus

111 662 160 698 ad
182 663 346 714 Thucyd.
364 666 413 700 V.
438 663 523 707 54.·,
558 662 626 697 ubi
646 662 962 698 Lacedaemoniis
982 662 1028 700 τοὶ
1050 659 1247 710 διαβατήρια
1268 663 1394 705 θυομέ-

111 733 170 760 νοις
195 716 231 755 οὗ
250 715 448 764 προῦχώρειε
481 729 565 764 cap.
588 717 650 753 55.
673 722 711 753 et
739 718 824 753 116.
856 716 915 755 οὐκ
939 717 1071 759 ἐγένετο.
1100 719 1179 753 Hoc
1204 719 1391 754 Herodoto

109 770 310 808 diceretur
344 773 560 818 κοιλλιερῖσοει
593 772 778 813 θυομένοισι
815 770 875 809 οὐκ
912 771 1049 815 ἐγένετο,
1089 773 1195 808 litare
1225 786 1300 808 non
1326 786 1396 821 po-

109 832 254 871 terant,
286 826 366 862 sive
394 826 657 862 consulentibus
687 827 782 862 Deos
814 829 912 862 laeta
933 839 1006 862 non
1033 832 1137 863 erant
1163 832 1273 872 exta‚·
1302 828 1396 866 extis

111 880 221 917 enim
254 883 421 930 inspectis
453 883 610 918 Deorum
647 888 794 917 mentem
827 883 982 917 scrutari
995 909 1005 926 ‚
1049 881 1130 918 sive
1164 880 1205 918 τδ
1237 879 1396 923 navt-2252·

109 935 186 972 σθαι
218 933 272 973 Bm!
293 933 522 980 σπλάγχνων,
549 935 767 971 secundum
787 937 1015 972 Ammonium
1032 933 1178 973 Θύεσθαι
1194 935 1395 973 dicebant.

109 991 331 1028 VALCK.
351 1010 402 1016 ——
431 992 517 1026 Huc
541 995 717 1038 spectant
735 1002 836 1038 quae
853 989 1169 1026 commodissime
1187 1003 1208 1026 a
1225 990 1397 1026 schae-

99 1042 239 1091 fero,
260 1045 363 1082 Viro
383 1050 461 1080 tam
482 1044 674 1093 diligente
688 1071 697 1089 ‚
719 1057 841 1092 quam
867 1044 1115 1090 doctissimo,
1134 1044 1182 1080 ad
1207 1045 1306 1080 Bosii
1328 1045 1394 1082 El·-

108 1098 202 1147 lips.
222 1102 354 1137 Graec.
375 1112 413 1147 p.
443 1112 460 1134 2
474 1112 485 1133 1
498 1099 534 1135 5.
564 1099 749 1135 adnotata
778 1104 885 1136 sunt.
918 1098 1058 1143 „Istud
1079 1100 1294 1147 καλλιερῆσαι
1312 1099 1395 1136 θυο-

109 1155 214 1196 μένοις
240 1152 301 1192 οὗκ
319 1151 449 1191 ἐδύνατο
473 1166 551 1189 non
574 1158 755 1190 tentasset
770 1151 959 1202 (inquit)
981 1153 1061 1191 Vir
1080 1166 1261 1189 summus
1283 1152 1392 1202 (Vaz-

105 1210 290 1245 ckenarius
303 1205 339 1258 ,)
359 1207 391 1243 si
412 1208 682 1253 meminisset,
701 1211 878 1256 καλλιερεῖν
898 1207 954 1244 sic
972 1209 1151 1244 absolute
1169 1207 1323 1243 dictum
1347 1208 1390 1244 in

106 1262 194 1310 ipso
211 1265 395 1300 Herodoto
415 1275 452 1299 se
471 1262 614 1311 passim
630 1262 779 1311 legisse.
807 1266 975 1310 καλλιερεῖ
986 1263 1154 1310 θυομένῳ,
1173 1264 1395 1311 sacrificanti

107 1320 311 1366 laetafiunt
339 1325 435 1354 exta.
476 1317 697 1355 subaudias
723 1323 765 1353 tu
795 1316 841 1354 τοὶ
865 1316 931 1365 ἱροί.
959 1318 1075 1353 Plene
1098 1319 1304 1355 Herodotus
1324 1319 1391 1356 IX.

115 1385 127 1408 1
140 1386 178 1423 9.
196 1371 479 1417 καλλιερησάντων
495 1373 558 1410 τῶν
572 1373 642 1419 ἱρῶν
654 1398 664 1417 ,
693 1374 817 1409 litato:
846 1372 915 1407 ubi
938 1373 1077 1420 pulcre
1097 1374 1366 1422 W‘esselingius
1382 1398 1393 1417 ,

107 1427 287 1475 exempla
306 1426 522 1463 locutionis
547 1426 751 1474 ellipticae
770 1427 955 1463 excitans.
970 1428 994 1446 ‘⁶
1013 1446 1063 1453 --
1087 1429 1238 1474 Nempe
1255 1437 1393 1464 καλλιε-

104 1483 202 1529 ρῆσαι
221 1481 406 1523 θυομένοισι
432 1481 492 1520 οὔκ
510 1479 639 1519 ἐδύνατο
661 1481 767 1517 idem
787 1482 893 1517 valet
910 1494 954 1517 ac
977 1479 1072 1518 κοιλοὶ
1096 1483 1238 1523 γίνεσθαι
1261 1479 1308 1519 τοὶ
1334 1479 1387 1528 ἱροὶ

109 1536 276 1578 θυομένοις
295 1535 356 1573 οὐκ
374 1532 516 1574 ἔδυνοίτο.
537 1536 640 1572 conf.
660 1537 727 1573 IX.
750 1536 819 1580 56,
843 1537 878 1572 5.
919 1534 1062 1573 Eadem
1084 1535 1246 1572 notione
1268 1535 1389 1572 etiam

107 1590 306 1637 passivum
322 1590 490 1626 verbum
519 1595 758 1638 usurpatur,
780 1592 846 1627 IX.
874 1603 917 1640 ¹9
932 1617 941 1635 ‚
963 1591 999 1626 8.
1022 1587 1062 1633 ὥς
1080 1599 1139 1634 σφι
1164 1590 1386 1638 ἐκαλλιέρει-ο,

105 1644 136 1681 i.
152 1655 185 1682 e.
205 1643 246 1689 ὦς
263 1642 358 1682 ’euhoe'
378 1653 437 1687 σφι
460 1643 505 1682 τοὶ
524 1643 576 1692 ἱροὶ
598 1645 729 1687 ἐγένετο.
758 1642 802 1682 S.

167 1711 228 1735 12.
259 1700 469 1746 Σπερθίης
497 1715 529 1736 τε
550 1720 567 1726 -
586 1701 676 1736 -καὶ
702 1698 892 1745 Βοῦλις)
925 1701 1064 1748 Magna
1102 1698 1314 1747 utriusque
1344 1698 1388 1734 in

105 1753 272 1790 nomine
293 1753 500 1790 discordia.
528 1754 655 1790 Suidae
677 1753 719 1788 in
740 1754 856 1796 Βοῦλις
872 1753 1025 1790 dicitur
1043 1753 1251 1803 legationis
1279 1753 1392 1802 prin-

103 1820 192 1857 ceps
210 1808 376 1856 Σπέρχις,
397 1814 436 1844 et
452 1808 552 1843 alibi
573 1809 647 1844 illo
671 1808 713 1843 in
734 1809 925 1844 vocabulo
938 1835 947 1853 ,
966 1809 1244 1857 Plutarchoque
1262 1809 1389 1846 Praec.
1426 1845 1430 1846 ς

103 1863 294 1911 Reipubl.
312 1862 478 1900 Gerend.
504 1876 541 1910 p.
562 1864 651 1899 815.
674 1877 707 1899 E.
736 1863 839 1898 Idem
862 1863 944 1899 cod.
960 1865 1067 1899 Eton.
1084 1863 1167 1899 edit
1182 1876 1268 1911 cap.
1285 1863 1385 1910 137„

91 1917 241 1961 ‘indice
261 1918 390 1962 Galen,
423 1923 462 1953 et
490 1919 620 1963 Valla,
649 1918 708 1953 uti
727 1917 899 1955 videtur.
927 1919 984 1954 At
1005 1919 1048 1953 in
1068 1919 1164 1954 Plut.
1183 1918 1389 1966 Apophth.

107 1975 249 2010 Lacon.
269 1985 306 2020 p.
325 1972 415 2008 235.
434 1986 466 2009 F.
496 1973 605 2020 Βοῦρις
630 1973 688 2008 καὶ
713 1973 851 2020 Σπέρτις
864 1988 874 2006 τ
903 1972 1000 2009 Stob.
1020 1973 1144 2011 Serm.
1161 1974 1246 2010 VII.
1267 1985 1304 2020 p.
1323 1971 1387 2022 93.

108 2026 232 2070 Βοῦλκς
249 2029 307 2064 καὶ
328 2027 492 2074 Σπέρχις.
532 2028 642 2075 Quae
661 2026 708 2062 ad
729 2028 944 2063 Herodotea
966 2027 1077 2063 facili
1099 2026 1255 2063 auxilio
1283 2038 1390 2063 revo-

103 2081 188 2119 cari
208 2086 369 2129 possunt
390 2088 429 2117 et
447 2081 603 2118 debent.
618 2083 676 2120 W
689 2081 752 2118 ES
765 2081 801 2118 S.
819 2102 870 2108 —
901 2082 1014 2130 Quod
1032 2082 1202 2118 offertur
1218 2093 1265 2117 ex
1280 2082 1390 2119 Eton-

105 2135 262 2182 codice,
293 2136 521 2172 correctoris
553 2148 632 2172 esse
651 2135 832 2181 videtur,
868 2137 1036 2184 Σπέρχιςε
1067 2139 1208 2174 Nostro
1237 2136 1389 2173 dicitur

109 2202 248 2227 eorum
270 2190 373 2226 alter
391 2191 606 2239 aliquoties
627 2192 794 2239 Σπερθίης.
822 2192 969 2237 Σπέρχις
994 2196 1033 2227 et
1056 2192 1173 2234 Βοῦλις
1195 2196 1390 2228 vocantur

105 2245 174 2282 isti
196 2244 414 2293 Spartiatae
430 2248 590 2283 Luciano
606 2246 649 2281 in
670 2246 856 2282 Demosth.
875 2247 1036 2282 Encom.
1053 2259 1091 2293 p.
1112 2246 1130 2282 5
1142 2259 1154 2280 1
1166 2246 1201 2282 5.
1213 2272 1223 2291 ,
1242 2247 1390 2282 Plutar-

106 2300 175 2336 cho
192 2301 236 2337 T.
250 2301 296 2335 ΙΙ.
316 2311 401 2348 pag.
423 2301 514 2337 815.
536 2315 570 2337 E.
592 2306 630 2338 et
650 2299 710 2335 bis
727 2300 835 2347 apud
858 2302 1025 2345 Suidam;
1056 2306 1176 2349 atque
1194 2300 1242 2336 ad
1269 2300 1388 2338 istam

108 2366 290 2390 normam
321 2355 485 2391 nomina
512 2355 813 2404 redintegranda
838 2360 933 2391 sunt
959 2355 1066 2403 apud
1095 2355 1279 2391 eumdem
1305 2357 1391 2392 Plu-

105 2409 227 2445 tarch.
246 2410 291 2445 T.
313 2409 359 2445 II.
382 2422 420 2457 p.
440 2410 531 2446 255.
550 2424 584 2446 r.
609 2409 679 2445 uhi
706 2409 850 2455 Xerxi,
877 2409 1068 2446 virtutem
1100 2410 1389 2458 Spartanorum

103 2462 298 2507 miranti,
328 2463 463 2501 eadem
490 2464 572 2501 fere
598 2463 841 2511 respondisse
872 2470 1114 2509 narrantur,
1146 2476 1248 2514 quae
1275 2463 1389 2501 nobis
