1718 2919
288 244 342 281 60
576 240 1323 280 ADNOTATIONES

292 345 362 381 ubi
396 358 502 382 sacra
535 346 670 382 secisse
698 347 847 397 legitur
876 346 917 381 in
948 346 1082 382 insula
1113 347 1190 383 Ceo
1216 345 1421 382 Aristaeus
1447 344 1582 391 Ἰσθμίῳ

291 399 368 438 Δι’ίε
397 401 461 437 sed
487 402 630 438 nullus
658 401 738 438 fuit
768 401 922 449 Iupiter
948 402 1138 437 Isthmius:
1177 400 1240 435 hic
1264 400 1350 436 sine
1378 400 1464 436 ulla
1490 411 1583 435 con-

293 456 482 492 troversia
502 456 795 492 emendandum
817 456 959 504 Ἰκμαίῳ
975 455 1041 493 Διΐ.
1070 455 1206 493 Probus
1226 456 1268 491 in
1289 456 1424 505 Virga.
1444 457 1584 502 Georg.

290 511 319 547 1.
339 523 395 547 vs.
420 520 479 556 14.
500 514 711 556 Aristaeus,
738 511 818 555 ait,
846 525 950 547 aram
975 512 1050 548 Iovi
1068 512 1203 547 lemaeo
1226 508 1424 560 (Icmaeo)
1451 511 1586 546 consti-

291 568 361 601 tuit
374 593 383 610 ,
402 572 474 603 etc.
493 587 509 594 -
524 587 541 594 -
560 568 736 603 Traditur
758 568 846 603 haec
864 567 1019 603 historia
1034 568 1076 603 de
1089 569 1260 603 Aristaeo
1278 568 1317 602 in
1333 566 1491 614 Corpore
1507 563 1584 613 (an

292 619 451 670 opereP)
483 624 817 671 Argonauticorum
845 636 868 657 a
903 623 1069 658 Varrone
1095 624 1280 659 Atacino:
1310 620 1425 657 nobis
1451 630 1589 668 super-

293 683 371 720 est,
400 687 519 725 quem
547 678 666 713 Varro
693 677 1060 725 interpretabatur,
1086 679 1302 725 Apollonius
1328 675 1450 713 Rhod.
1470 673 1590 710 cuius

295 731 502 768 Aristaeus
522 733 567 768 II.
592 733 681 776 524.
711 731 828 774 βωμδν
847 734 959 771 natm-s
974 733 1081 773 μέγαν
1101 730 1179 775 Διδς
1199 732 1357 773 lunulam.
1373 730 1587 767 VALCK-

297 806 348 813 -—
379 787 576 823 Virorum
604 787 815 824 doctorum
843 786 1161 823 emendationem
1192 786 1269 833 ὑπὲρ
1300 783 1536 834 Πάρνηθος,
1566 796 1589 819 a

295 840 489 889 Schaefero
528 842 572 877 in
607 848 835 878 contextum
874 847 1093 890 receptam,
1135 841 1268 878 tenuit
1294 841 1416 877 etiam
1442 838 1591 883 Jacobs,

297 897 398 932 hanc
427 897 696 933 Historiarum
727 898 906 934 Herodoti
934 904 1086 945 partem
1116 890 1365 934 Atticissuis
1393 895 1596 937 inserens,

299 964 340 999 p.
369 953 459 988 355.
487 952 546 988 ed.
570 965 642 989 sec.
677 954 733 989 At
751 958 994 988 constantem
1022 952 1224 988 librorum
1257 951 1444 987 omnium
1472 951 1593 986 Hero-

299 1006 507 1043 doteorum
545 1008 811 1055 scripturam,
855 1007 932 1056 ὑπὲρ
966 1009 1202 1051 Παιονίης,
1235 1006 1448 1042 defendens
1474 1006 1593 1041 Lar·-

301 1063 473 1098 cherus
489 1092 499 1107 ,
530 1074 576 1098 ex
597 1065 893 1112 Harpocratione
919 1075 1002 1099 voc.
1028 1065 1196 1105 Παιανιεῖς
1221 1064 1279 1099 καὶ
1304 1057 1475 1099 Haemi-&ou
1498 1058 1592 1096 coll.

301 1129 393 1153 cum
410 1119 572 1155 Pausan.
592 1120 636 1154 II.
663 1120 722 1154 18.
754 1132 789 1166 p.
819 1119 885 1154 151
913 1130 991 1166 seq.
1017 1117 1233 1165 eodemque
1258 1118 1416 1154 Pausan.
1439 1118 1468 1152 Ι.
1492 1128 1526 1151 2.
1555 1127 1596 1162 p.

305 1185 340 1219 7.
362 1178 400 1208 et
421 1185 505 1221 cap.
534 1174 595 1218 54.
630 1186 714 1223 pag.
742 1174 804 1209 83.
831 1180 869 1209 et
895 1175 958 1217 84.
986 1179 1025 1209 et
1055 1173 1243 1209 Plutarch.
1273 1171 1377 1220 (sive
1409 1169 1597 1220 quisquis

303 1227 430 1263 fuerit
447 1234 586 1264 auctor
611 1228 730 1266 Vitae
750 1231 798 1265 X.
823 1226 1062 1275 Oratorum)
1093 1241 1179 1277 pag.
1204 1230 1294 1272 842.
1316 1242 1350 1264 E.
1370 1232 1599 1275 opportune

302 1282 462 1327 docuit,
494 1283 614 1320 fuisse
632 1284 790 1320 Atticae
806 1297 950 1333 pagum
964 1311 973 1329 ,
994 1283 1060 1320 cui
1083 1286 1223 1321 Παιονίοι
1238 1283 1320 1319 sive
1343 1284 1492 1320 Hoetwm'x
1513 1280 1603 1315 fue-

303 1338 360 1374 rit
384 1350 545 1375 nomen.
576 1339 684 1376 Situs
712 1339 871 1375 sortasse
892 1339 957 1375 hic
985 1352 1105 1388 pagus
1131 1343 1216 1374 erat
1240 1338 1281 1373 in
1312 1336 1443 1374 radice
1464 1336 1601 1372 Parne-

305 1394 378 1429 this
405 1394 552 1430 montis
566 1421 574 1428 .
592 1406 760 1442 eamque
781 1397 830 1430 ob
847 1407 1020 1430 caussam
1040 1399 1178 1430 auctor
1199 1393 1293 1437 ille,
1321 1405 1341 1429 e
1359 1404 1441 1441 quo
1459 1393 1599 1427 Gram-

306 1448 443 1484 matici
481 1463 501 1485 a
538 1449 650 1486 Viris
681 1450 805 1486 doctis
837 1450 948 1485 citati
977 1464 1044 1486 sua
1086 1450 1330 1493 hauserunt,
1366 1447 1601 1497 Lipsydrium

307 1503 384 1551 ὑπὲρ
416 1506 475 1546 τῆς
508 1504 670 1551 Πάρικθες
699 1506 823 1540 situm
856 1505 980 1547 ‹lixit3
1020 1505 1097 1541 nisi
1130 1505 1162 1541 is
1198 1505 1356 1541 sortasse
1390 1503 1601 1549 scripserat

310 1558 387 1605 ὑπὲρ
406 1561 561 1602 Παιωνίας
582 1560 634 1596 τ’τὶ
664 1561 720 1603 vig
749 1559 921 1608 Παὶξνκέες.
951 1559 995 1598 S.

370 1622 429 1657 14·
458 1613 515 1651 riv
538 1613 608 1653 νκδν
627 1636 643 1642 -
662 1636 679 1642 -
698 1637 714 1643 -
731 1614 788 1652 τέν
814 1616 865 1651 νῦν
893 1614 1012 1663 ἐῶν-οι)
1042 1614 1185 1652 Eadem
1208 1614 1279 1650 lib.
1299 1616 1345 1651 II.
1368 1614 1475 1657 180„
1496 1610 1603 1648 unde

308 1672 367 1711 et,
391 1669 504 1716 prius
525 1670 723 1717 templum
748 1670 916 1706 fortuito
943 1684 1032 1707 casu
1060 1671 1100 1706 in
1126 1670 1276 1705 cineres
1296 1668 1457 1712 abiisse,
1486 1666 1605 1703 disci-

312 1735 422 1759 mus:
451 1725 570 1772 culpa
597 1725 773 1763 incendii
807 1731 937 1762 tamen
959 1726 1000 1762 in
1028 1725 1290 1762 Pisistratidas
1314 1724 1416 1767 suit,
1440 1722 1605 1759 testibus

313 1778 476 1814 Criticis
504 1779 551 1815 ad
583 1781 735 1816 Pindari
765 1782 875 1830 Pyth.
900 1781 974 1818 Od.
993 1783 1097 1825 vn„
1132 1781 1299 1816 collata.-
1330 1778 1402 1828 qui
1438 1777 1603 1827 quidem

313 1845 405 1868 cum
437 1835 601 1882 Olymp.
631 1849 740 1872 Lxm.
771 1849 806 1872 2.
835 1837 937 1884 patri
970 1836 1249 1879 successerint,
1280 1835 1356 1871 illo
1385 1833 1471 1881 ipso
1499 1844 1606 1868 anno

315 1889 513 1936 templum
528 1891 770 1938 Delphicum
785 1891 1011 1939 deflagrasse
1024 1919 1033 1936 ,
1054 1893 1258 1928 Beda-ellus
1270 1889 1422 1927 Annal.
1433 1886 1609 1935 Thucyd.

315 1956 401 1992 pag.
424 1953 488 1988 41.
512 1945 736 1981 constituit.
774 1948 829 1982 At
853 1946 978 1982 aflicit
1003 1948 1257 1983 vehementer
1279 1945 1346 1981 illi
1381 1950 1608 1992 temporum

318 1999 499 2035 finitioni
540 2013 645 2036 mors
675 2001 904 2045 Amasidis‚
943 2002 1009 2037 isti
1043 2015 1150 2038 anno
1181 2001 1411 2040 coniuncta;
1454 1998 1609 2048 quippe

315 2053 417 2089 dona
435 2081 444 2095 ,
474 2054 570 2090 dum
594 2062 831 2103 superesset,
857 2057 1026 2104 Delphis
1050 2057 1095 2093 ad
1119 2056 1224 2092 aedis
1254 2053 1612 2097 instaurationem,

321 2108 381 2144 uti
404 2109 475 2145 lib.
496 2112 544 2146 II.
571 2111 656 2147 180.
680 2111 889 2158 proditur-
912 2112 1138 2149 liberaliter
1163 2109 1421 2151 conferentis3
1448 2107 1615 2146 validis-

319 2164 418 2199 sime
442 2176 533 2201 vero
553 2166 756 2202 Pausaniae
783 2166 963 2203 doctrina
984 2168 1032 2203 de
1053 2168 1202 2215 templo
1227 2165 1423 2214 Delphico
1448 2165 1613 2212 Olymp-

321 2232 432 2255 LVIII.
465 2233 496 2254 1.
526 2227 686 2265 exusto,
716 2221 758 2257 in
791 2222 940 2258 Phocic.
967 2235 1051 2271 cap.
1075 2224 1109 2260 5.
1159 2224 1269 2271 Quae
1297 2222 1344 2257 de
1375 2220 1616 2258 Pisistratidis

320 2279 454 2309 autem
488 2276 641 2311 Pindari
674 2277 937 2321 Scholiastae,
974 2278 1089 2314 modo
1126 2284 1255 2314 tamen
1290 2277 1450 2314 veritati
1483 2273 1615 2312 conci-

323 2335 443 2372 nant,
486 2330 684 2366 familiam
721 2332 961 2369 indicabunt
995 2341 1115 2382 atque
1147 2333 1279 2381 ipsum
1313 2332 1617 2381 conplectentur

322 2384 572 2421 Pisistratum
589 2413 598 2430 ,
627 2399 708 2433 quo
740 2387 856 2423 modo
884 2390 1138 2425 Pisistratidae
1160 2388 1421 2437 deponuntur
1448 2384 1618 2433 saepius-

325 2439 430 2475 Vide
447 2440 493 2476 ad
513 2441 665 2477 Comici
687 2446 806 2491 Vesp.
826 2456 880 2481 vs.
901 2445 990 2480 500.
1024 2444 1200 2483 WESS.

387 2502 446 2538 13.
476 2516 502 2536 π
515 2515 559 2547 ως
573 2502 583 2534 ι’
596 2513 661 2535 νου
683 2499 768 2536 λίθου
787 2497 800 2548 )
820 2501 863 2536 In
886 2501 1142 2549 langermanni
1165 2500 1346 2547 exemplo
1365 2499 1506 2547 Πειρῖνου
1527 2508 1616 2546 ope·
