1718 2919
298 269 393 308 AD
436 253 1199 310 HERODOT.V.'113-118.
1341 281 1416 321 129

126 372 183 412 γὲν
210 375 276 416 τοῖς
296 370 447 418 Ἀχαιοῖς
466 379 512 407 ex
540 373 757 409 Philostrati
783 372 936 408 Heroic.
959 373 1005 409 II.
1033 373 1092 408 18.
1117 377 1156 408 et
1183 375 1234 409 V.
1265 386 1318 417 1.;
1346 374 1419 412 hoc

128 435 282 471 tamen,
306 430 342 463 S.
371 428 592 463 Bochartum
622 428 901 464 mellificantes
932 427 975 462 in
1006 426 1163 463 Onesili
1189 428 1296 464 calva
1328 441 1418 477 apes

127 489 230 520 recte
254 482 470 518 admovisse
495 482 541 517 ad
565 483 677 518 Iudic.
694 494 725 517 c.
746 495 839 525 mv,
861 496 896 532 9.
925 481 1250 518 illuminandum
1271 485 1419 522 Hieroz.

129 540 168 575 P.
183 540 230 574 II.
252 537 324 573 lib.
347 551 399 574 lv.
423 551 482 572 10.
503 549 540 584 p.
560 537 649 573 505.
669 537 851 574 W'ESS.

240 590 384 631 CAP.
415 589 597 630 CXVI.
627 591 662 628 5.
697 588 877 638 “sue-ag)
911 590 1011 626 Dedi
1043 591 1145 627 hanc
1173 592 1419 641 scripturam

131 647 322 684 Codicum
342 647 547 683 consensui
564 672 574 691 2
603 646 823 692 redituram
845 659 878 681 c,
903 659 990 682 122.
1018 645 1160 690 Ὑμαίης
1178 646 1210 682 si
1238 648 1304 684 cui
1336 650 1422 697 pla-

131 702 234 738 cebit
250 729 259 745 ‚
278 715 409 738 caussa
430 714 476 737 ex
498 702 624 749 priseo
651 703 855 737 Persarum
877 712 1078 744 sermone,
1111 713 1231 749 quem
1255 702 1394 751 ignoro
1409 732 1420 751 7

132 757 332 805 pendebit.
359 755 446 799 Τοῦς
462 757 490 793 ἐν
511 753 693 803 Σάρδισι
716 757 1013 803 στρατευσαμένους
1039 752 1129 805 [lin.
1154 753 1215 806 5.]
1246 770 1316 794 nec
1334 759 1421 804 hic,

131 824 261 860 neque
279 825 310 849 c.
338 825 349 846 1
364 824 426 848 22.
444 812 494 846 oh
509 812 625 848 Arch.
647 817 686 846 et
708 811 864 846 Vinclob.
891 810 1113 857 repudiavi.
1151 813 1255 848 Bene
1281 814 1424 850 Grono-

129 869 218 904 vius.
245 867 427 903 WESS.
446 887 497 892 —
528 869 712 902 Veterem
733 867 974 913 scripturam
997 866 1026 908 ἐς
1048 863 1168 913 Σάρδις
1195 866 1239 903 111
1267 874 1425 904 contex-

132 928 175 957 tu
209 921 340 958 tenuit
367 922 548 966 Gronov„
584 921 628 956 in
657 920 769 958 Notis
803 921 971 956 alteram
1006 921 1304 968 praeferendam
1334 936 1425 960 cen-

128 976 224 1013 suit.
258 975 303 1014 S.

133 1039 136 1042 ’
239 1029 384 1070 CAP.
404 1027 615 1069 CXVII.
639 1030 674 1066 5.
695 1026 964 1080 Περκώτην)
986 1031 1088 1066 Puro
1110 1031 1218 1067 fonte
1235 1032 1266 1068 si
1288 1046 1425 1071 mana-

132 1092 229 1123 runt
250 1086 293 1121 in
313 1086 631 1135 Ethnicographo
650 1084 824 1133 Περκώτνι,
848 1084 959 1122 mimi
982 1085 1144 1133 Περκώπη
1158 1112 1167 1128 ,
1192 1087 1297 1124 haud
1319 1101 1426 1137 spre-

131 1140 258 1178 verim
280 1153 326 1177 ex
351 1141 502 1177 schedis
530 1139 786 1188 Περκώπην.
825 1141 867 1175 111
888 1140 1065 1176 Strabone
1090 1137 1193 1191 [lib.
1214 1145 1315 1180 XIII.
1337 1157 1423 1194 pag.

135 1196 226 1244 590.
243 1210 275 1234 B.
295 1196 355 1231 ed.
380 1194 486 1244 Cas]
517 1207 627 1232 nunc
655 1194 819 1243 quidem
836 1221 845 1237 ‚
873 1197 932 1231 uoci
958 1193 1009 1232 ἔτι
1035 1194 1148 1233 mima
1179 1197 1335 1245 Περκώτῃ
1364 1215 1426 1242 με·

132 1248 324 1292 τωνομοίο-θη
351 1250 368 1289 o‘
391 1249 516 1293 ro'nog:
551 1252 656 1286 unde
675 1250 707 1285 si
733 1250 932 1298 Stephanus
961 1262 1031 1286 sua
1057 1250 1342 1298 depromserit,
1364 1255 1427 1290 uti

129 1306 323 1341 credibile
335 1331 346 1350 ‚
375 1304 545 1353 Hsfuoinn
563 1305 713 1341 ibidem
740 1305 834 1341 fuit.
864 1307 999 1341 Poetae
1015 1306 1131 1342 modo
1151 1306 1307 1355 Περκώτῃ
1323 1335 1334 1353 ‚
1352 1309 1428 1345 ali-

131 1359 174 1396 bi
195 1359 357 1408 Περκῶπη
383 1361 492 1398 Iliad.
513 1359 563 1399 A‘.
586 1373 698 1410 ²29·’
724 1360 793 1395 ubi
816 1361 1007 1404 Hastam..
1038 1360 1058 1400 νῖ
1080 1359 1109 1398 δὲ
1130 1361 1293 1408 Περκώπη
1316 1362 1424 1408 αὕτη,

131 1415 222 1463 ἑτέρα
244 1416 311 1452 ἐστὶ
338 1414 431 1463 παραὶ
459 1415 516 1456 τήν
541 1413 595 1453 διαὶ
614 1417 675 1453 τοῦ
699 1431 742 1459 τ,
771 1415 900 1451 nescio
918 1428 999 1464 quo
1019 1415 1122 1452 iure.
1148 1416 1291 1453 Eadem
1315 1419 1427 1455 enim

132 1471 228 1506 urbs
251 1470 298 1506 ad
328 1471 654 1518 Hellespontum,
684 1470 799 1506 cuius
829 1470 872 1505 in
902 1471 1066 1506 nomine
1093 1473 1243 1508 Homeri
1269 1474 1430 1510 Codices

130 1524 230 1561 olim
267 1536 392 1573 aeque
418 1525 630 1561 variarunt
660 1538 703 1560 ac
736 1527 947 1564 Herodotei.
989 1527 1177 1564 WESS.
1210 1547 1261 1554 -—
1304 1529 1430 1577 Apud

130 1580 251 1617 Strab.
274 1580 302 1616 1.
320 1592 353 1616 c.
384 1581 618 1617 Tzschuckius
635 1582 674 1616 T.
698 1583 748 1617 V.
770 1593 856 1630 pag.
879 1581 969 1630 293.
996 1581 1282 1629 praeeuntibus
1298 1585 1429 1621 Msstis

133 1641 214 1671 una
239 1646 330 1671 voce
361 1634 381 1675 κ’
410 1633 675 1683 Παλαιπερκώτνι
706 1635 847 1680 edens⁷
876 1637 1033 1672 Potitum
1064 1637 1245 1674 laudavit
1276 1638 1322 1674 ad
1359 1641 1430 1675 Eu-

130 1690 246 1727 stath.
276 1689 319 1725 in
338 1691 496 1726 Homer.
520 1692 562 1726 T.
587 1692 631 1726 ΙΙ.
657 1702 740 1739 pag.
764 1703 854 1736 771.
883 1692 941 1726 De
961 1691 1096 1727 eadem
1128 1693 1226 1727 urbe
1252 1694 1428 1730 conferri

133 1750 298 1794 possunt
326 1757 429 1792 quae
456 1758 478 1781 a
511 1745 666 1782 Casaub.
694 1752 733 1781 et
763 1758 784 1781 a
814 1745 929 1781 nobis
956 1746 1004 1782 ad
1030 1747 1258 1783 Athenaeum
1294 1755 1428 1785 notata

132 1806 249 1845 sunt,
269 1799 547 1836 Animadvers.
566 1802 607 1836 T.
626 1802 654 1837 I.
675 1813 715 1847 p.
737 1801 826 1837 225.
846 1806 884 1836 et
901 1802 1132 1848 praesertim
1158 1815 1195 1849 p.
1215 1811 1306 1854 [499.
1335 1803 1380 1841 S.

238 1852 386 1895 CAP·
404 1852 644 1894 CXVIII.
667 1856 701 1891 5·
721 1855 755 1892 ἔκ
778 1856 837 1897 ‘ric
862 1854 1002 1904 Ἰἓριοέ
1017 1852 1118 1907 δὀς)
1150 1858 1336 1906 Regionis
1358 1872 1427 1896 no·-

131 1922 223 1947 men
238 1910 480 1955 instauravi,
500 1916 748 1959 expugnatus
763 1911 937 1959 Stephani
951 1911 1080 1947 verbis
1095 1938 1104 1957 ⁷
1120 1909 1238 1958 Ἰἓριοὶς
1255 1913 1355 1957 πόλις
1370 1916 1430 1958 τῆς

132 1968 281 2013 Καρίαςε
309 1977 413 2013 quae
429 1965 593 2013 quidem
613 1971 727 2001 antea
750 1965 970 2017 Chrysaoris
989 1973 1026 2002 et
1040 1969 1237 2003 Hecatesia
1256 1982 1349 2005 cum
1368 1969 1430 2004 di-

132 2027 311 2065 ceretur.
338 2022 388 2056 ab
408 2020 492 2068 ipso
508 2047 517 2065 ‚
546 2021 614 2057 u.bi
639 2020 762 2068 posita
781 2026 886 2065 erat,
908 2027 1035 2057 tractu
1059 2034 1274 2071 cognomen
1296 2024 1427 2060 duxit.

133 2077 178 2112 In
203 2073 382 2124 Πιξοδᾶρσυ
410 2076 531 2111 titulo
561 2072 651 2126 [lin.
679 2071 743 2125 7.]
768 2075 875 2110 nihil
898 2083 1088 2120 novatur,
1120 2078 1258 2115 numis
1277 2086 1315 2116 et
1338 2081 1429 2117 Dio-

132 2131 221 2167 doro
236 2132 724 2176 XVJ.74.11139AAP02=
743 2130 851 2165 nihil
869 2132 1088 2179 quoquein
1103 2130 1323 2178 Κινδυέος,
1343 2132 1428 2185 [lin.

138 2181 193 2234 8.]
211 2185 276 2220 cui
290 2197 362 2221 suo
383 2185 564 2233 periculo
587 2183 741 2228 Κνιδιέσςε
759 2198 780 2221 a
804 2186 919 2223 Cnido
934 2187 1075 2224 Cariae
1087 2214 1096 2231 7
1115 2189 1215 2225 Nob.
1230 2190 1429 2226 Palmerius

136 2239 346 2276 substituit
361 2266 370 2284 ,
393 2240 545 2276 oblitus
566 2241 717 2277 Cnidum
738 2242 887 2289 gentile
909 2239 1032 2279 Κνίδιον
1060 2243 1251 2279 formare:
1280 2246 1428 2295 Bergle·

135 2308 194 2331 rus
215 2295 386 2330 malebat
409 2292 587 2338 Ἀλινδέςς,
618 2307 665 2330 ex
685 2297 831 2332 Alindis
851 2296 991 2333 Cariae
1007 2310 1072 2345 ap.
1092 2300 1292 2335 Arrianum
1307 2299 1427 2340 Ἀναβ-

135 2351 166 2386 Ι.
187 2360 251 2393 24.
278 2349 474 2397 Equidem
495 2350 602 2385 nihil
625 2350 809 2395 demuto,
835 2351 1035 2399 siquidem
1062 2352 1199 2395 Κινδύς.
1224 2352 1365 2396 Κινὸύκ,
1388 2361 1427 2390 et

136 2404 266 2441 Diana
283 2402 423 2446 Κινδυοὶς
449 2404 491 2439 111
511 2404 654 2441 Cariae
678 2407 829 2442 finibus
858 2406 965 2453 apud
997 2408 1184 2457 Polybium
1201 2405 1333 2458 [XVI.
1353 2423 1400 2448 12
1418 2437 1427 2445 .

139 2455 201 2509 5.]
229 2465 267 2495 et
291 2459 501 2495 Strabonem
527 2459 597 2496 lib.
619 2462 726 2497 XIV.
761 2473 798 2508 p.
821 2474 910 2511 972.
937 2457 1049 2511 [pag.
1073 2463 1162 2498 655.
1187 2464 1296 2500 ss.ed.
1315 2460 1427 2514 Cas.]

135 2525 229 2550 cum
266 2515 468 2551 casauboni
499 2515 784 2552 observatione.
835 2517 1000 2553 Caricam
1028 2523 1163 2553 autem
1197 2519 1270 2554 hoe
1304 2519 1428 2556 bellam

188 2571 368 2607 Herodot.
386 2571 429 2607 T.
443 2570 509 2607 VI.
526 2571 567 2606 P.
581 2571 610 2606 Ῑ.
1144 2574 1158 2607 I
