1718 2919
319 201 412 240 AD
454 198 836 238 HERODOT.
863 198 981 239 VII.
1014 199 1218 248 188-190.
1351 206 1403 236 21

117 309 156 351 ὦς
177 305 280 352 ca'm
306 304 452 354 ὥρμηται
478 303 567 357 [lin.
597 302 658 357 7.]
688 306 890 356 relinquo.
935 305 1049 353 Quod
1069 305 1101 341 si
1123 304 1405 341 multitudinis

114 373 284 399 numero
299 360 400 405 φοέτις
414 362 646 406 haberetur,
661 361 843 396 alienum
863 360 1009 408 ω”ρμέοιτο
1029 359 1135 396 haud
1156 360 1274 405 foret,
1295 372 1405 395 nunc

112 429 231 454 secus.
251 416 346 454 Vid.
374 416 446 452 lib.
470 419 523 454 V.
548 424 635 459 104.
666 416 849 454 WESS.

173 480 234 516 14.
263 470 323 509 οὐκ
341 468 412 515 ἔχω
432 468 546 518 εἶπαι)
577 472 702 507 Caute
722 470 828 507 satis.
857 470 1050 516 Βορεοισ-μῶν
1070 469 1302 506 Atticorum
1315 494 1326 514 ‚
1355 468 1404 504 de

111 527 262 575 quibus
280 526 342 563 Cl.
360 526 502 562 filberti
521 524 568 561 ad
584 525 803 576 Hesychium
825 525 868 559 in
890 527 984 560 Voc.
997 550 1007 567 ,
1027 529 1065 559 et
1083 523 1301 560 doctissimi
1322 522 1404 560 viri

110 581 156 617 in
174 583 321 619 Aelian.
341 583 438 617 Var.
454 582 536 617 XII.
563 580 645 624 61„
671 579 744 615 alii
759 578 1016 616 diversiorem
1043 578 1306 627 perhibebant
1325 577 1405 614 ori-

110 636 260 686 ginem.
299 637 498 672 Praeterea
519 634 686 682 Delphis
715 646 761 669 ex
786 645 969 682 responso
994 633 1202 681 Apollinis
1231 633 1404 669 Persicae

111 691 244 728 classis
272 690 466 726 damnum
498 691 744 726 arcessebant
770 690 814 724 in
846 690 1018 726 Clement.
1036 690 1144 725 Alex.
1165 689 1311 725 Strom.
1332 689 1404 725 VI.

110 759 152 794 p.
177 746 267 792 675.
315 747 367 781 Ut
395 750 529 780 autem
557 750 643 811 post
669 744 852 791 deinceps
883 739 975 793 [lin.
1003 743 1062 779 16.
1091 755 1163 790 pro
1184 738 1404 791 ἀπελθόντες]

112 799 332 844 ἀπελθόντος,
366 811 508 847 nempe
535 807 572 837 Ξε
568 799 670 846 ᾎξεω,
702 799 919 848 pingatur,
951 798 1040 844 [aut
1057 795 1287 841 α’πεὶθᾰντων,
1314 796 1407 833 >scil

109 853 304 903 βαρβάιωνε
336 867 511 902 quorum
528 855 774 890 alterutrum
804 855 964 890 Reiskius
986 847 1231 902 maluerat7]
1259 864 1403 901 urgen-

112 915 192 946 tem
213 922 292 945 non
314 909 427 945 video
454 908 733 945 necessitatem.
763 911 819 948 W
825 908 936 945 ESS.

134 970 137 972 ’
222 962 368 1004 CAP·
389 962 532 1003 CXC.
562 976 596 999 2.
623 964 850 1011 τετρακοσιέων
869 962 929 1000 οὐκ
949 960 1155 1010 ἔλασσονοις)
1183 962 1242 998 De
1258 975 1400 998 numero

98 1017 313 1068 fractarum
341 1022 479 1056 navium
499 1018 656 1068 gemina
675 1019 856 1054 Diodorus
879 1018 947 1054 XI.
970 1030 1029 1054 12.
1058 1019 1115 1056 W
1129 1016 1245 1053 ESS.

172 1077 207 1111 8.
235 1073 360 1122 χρύσεα
390 1071 513 1118 ἄφατα
542 1071 731 1121 χρήματα)
767 1074 823 1109 Ex
848 1072 908 1107 his
938 1069 1062 1115 ἄφατα
1090 1072 1219 1107 abesse
1249 1070 1406 1110 dicitur,

114 1129 258 1167 Codice
274 1130 393 1172 M12d.;
422 1129 607 1164 omissam
635 1128 799 1163 mallem
820 1138 954 1163 vocem
983 1124 1130 1174 χρύσεοι,
1165 1127 1287 1174 paulo
1310 1131 1402 1162 ante

113 1184 294 1233 positam·
329 1186 402 1220 Hic
427 1188 529 1219 certe
552 1181 673 1218 scribi
691 1181 843 1230 potuit:
877 1179 974 1218 ἄλλοτ’
993 1196 1028 1218 τε
1048 1178 1171 1223 οἷ’φκτοι
1190 1183 1247 1217 καὶ
1268 1179 1403 1228 χρήμα-

111 1238 159 1277 ’τοι
178 1236 388 1287 περιεβάλετο
405 1254 411 1271 :
439 1245 511 1274 tum
529 1239 684 1274 aliarum
702 1251 818 1273 rerum
840 1237 980 1285 affatim
998 1242 1072 1271 tum
1099 1249 1319 1272 nummorum
1336 1235 1404 1272 sibi

112 1295 349 1343 comparavit.
377 1295 434 1330 καὶ
457 1290 621 1340 χρήματα
651 1292 811 1340 praebet
829 1291 1045 1327 Plutarchus
1064 1292 1106 1326 T.
1125 1292 1172 1326 II.
1198 1303 1236 1338 p.
1258 1291 1348 1335 862..
1369 1303 1400 1326 e.

113 1349 328 1386 VALCK.
357 1369 407 1375 —
452 1346 565 1384 Unde
593 1348 651 1384 καὶ
676 1352 769 1382 ante
789 1344 953 1394 χρήματα
974 1346 1018 1380 111
1042 1346 1231 1381 Plutarchi
1254 1345 1405 1381 codices

111 1401 210 1453 (qui
237 1402 426 1451 perpauci
446 1401 562 1438 hodie
581 1399 811 1449 supersunt)
829 1401 1032 1437 invectum
1051 1399 1104 1435 sit
1122 1399 1270 1435 nescio:
1294 1399 1409 1435 illud.

112 1458 251 1502 video,
281 1459 504 1494 Herodoteos
533 1468 668 1492 omnes
695 1454 993 1492 coniunctivam
1021 1455 1138 1489 illam
1161 1454 1409 1501 particulam.

113 1513 312 1563 ignorare.
335 1510 506 1559 Χρήματα
524 1524 603 1546 11011
625 1511 739 1546 modo
754 1512 923 1559 pecunias
943 1508 1047 1553 dici,
1068 1509 1131 1544 sed
1152 1509 1326 1558 quaslibet
1348 1523 1405 1547 res

110 1570 313 1617 pretiosas,
341 1567 421 1602 iam
451 1567 606 1614 saepius
628 1566 670 1600 in
694 1566 756 1601 his
775 1564 897 1602 Musis
923 1564 1228 1600 observavimus.
1275 1564 1404 1601 Video

116 1623 260 1667 etiam,
292 1621 399 1669 apud
430 1621 613 1657 eumdem
643 1620 876 1657 Plutarchum
901 1616 1055 1680 (paulo
1079 1616 1188 1667 post)
1219 1616 1266 1655 τοὶ
1291 1619 1403 1665 χρυσοῖ

116 1676 282 1726 χρήματα
309 1676 386 1725 1631
404 1676 547 1722 ,nulla
570 1675 779 1712 interiecta
798 1673 1053 1710 coniunctiva
1082 1673 1292 1721 particula.
1321 1671 1366 1710 S.

140 1751 147 1754 v·
179 1745 225 1767 10
247 1746 320 1781 seq.
359 1725 395 1771 ἦν
420 1747 485 1779 ys?
512 1747 561 1773 τις
587 1747 645 1767 και
670 1746 802 1777 τουπ-ῳ
836 1726 1014 1778 (τουτον
1045 1729 1173 1776 placet
1203 1739 1249 1763 ex
1279 1740 1402 1776 marg.

115 1784 256 1836 Steph.)
278 1785 432 1834 ἄχαρις
455 1784 646 1833 συμφορὴ
676 1786 830 1821 λυπεῦσα
849 1780 1144 1826 παιδοκτόνος.
1175 1785 1276 1819 Haec
1292 1782 1323 1818 si
1347 1782 1404 1818 sic

116 1842 257 1879 Latine
277 1843 549 1891 16311111111,111
565 1838 825 1876 convertenda
844 1850 1003 1882 censeo,
1032 1851 1115 1874 nam
1131 1837 1333 1887 angebatur
1360 1836 1403 1873 ob

116 1897 245 1934 liberos
272 1898 354 1934 dira
377 1896 531 1945 quadam
554 1896 762 1931 calamitate
788 1900 955 1938 necatos3
985 1905 1063 1928 non
1094 1893 1177 1941 ipse
1200 1893 1406 1929 Aminocles

117 1951 256 1988 haberi
276 1951 422 2000 poterit
438 1947 985 1997 710213m0'v031qua1em'dum
1012 1947 1196 1983 habuisse
1218 1946 1404 1992 videtur,

117 2005 289 2055 sumpsit
306 2006 401 2042 hinc
416 2004 658 2041 occasionem
661 1977 890 2041 Plutarchus
910 2001 1154 2039 criminandi
1170 2003 1407 2068 Herodptum,

119 2066 312 2110 tanquam
331 2060 504 2098 studiose
523 2064 780 2108 quaerentem
800 2059 932 2094 locum
947 2084 957 2102 ,
972 2058 1000 2094 ἐν
1020 2059 1043 2105 ᾧ
1063 2055 1204 2097 &merua
1221 2072 1278 2096 τκν
1294 2055 1408 2098 Ἀμει-

120 2117 212 2155 νοκλέ
214 2132 264 2159 ους
280 2113 510 2158 παιδοφονίαν
542 2115 644 2151 hanc
667 2113 900 2163 indignatus
924 2112 1152 2148 immixtam
1180 2109 1405 2146 narrationi

118 2184 160 2219 p.
180 2173 225 2218 87
238 2184 270 2207 1.
286 2185 320 2208 B.
347 2173 494 2219 Lapsus
513 2169 555 2205 in
574 2169 746 2206 minutis
760 2169 955 2205 Palmerius
975 2178 1013 2202 se
1027 2165 1174 2203 obiecit
1188 2165 1406 2209 Plutarcho;

119 2226 187 2262 cui
215 2225 396 2262 defensor
423 2224 535 2261 venit
560 2226 720 2262 Reiskius
746 2223 887 2261 Anim.
916 2222 964 2258 ad
994 2224 1061 2259 Gr.
1092 2222 1257 2258 Auctor.
1286 2222 1328 2256 Τ.
1360 2221 1406 2256 ΙΙ.

120 2294 159 2329 p.
179 2281 268 2317 525.
296 2281 508 2318 VALCK.

184 2349 245 2374 11.
273 2351 425 2373 τουτον
455 2335 578 2382 οἵχαοις
610 2332 760 2381 συμφορὴ
785 2344 868 2371 >mre
871 2349 938 2370 υσικ
964 2325 1258 2382 παιδοφόνος)
1287 2329 1410 2366 Arbi-

122 2397 207 2428 tror
222 2406 335 2427 τουτον
356 2395 563 2437 praestare.
583 2387 695 2426 ἐλύπεε
715 2404 791 2430 τους
804 2387 972 2429 ΟΈλληνας
991 2391 1030 2421 et
1050 2383 1189 2428 μᾶλλόν
1208 2393 1311 2427 σφεας
1334 2381 1410 2421 ἐλυ·

121 2462 178 2484 πεε
193 2445 270 2483 lib.
280 2447 348 2483 IX.
361 2451 426 2494 49
443 2444 631 2481 Plutarchi
647 2442 807 2480 Codices
828 2439 950 2492 [apud
974 2451 1095 2490 quem
1117 2438 1281 2488 quidem
1305 2435 1408 2484 τούτῳ
