1718 2919
288 182 386 223 AD
427 181 1247 236 HERODOT.V11.173-176.
1395 199 1418 238 7

126 284 304 335 Longino
328 285 588 335 dignissimus
625 286 791 323 futurus
816 286 964 331 editor,
989 286 1088 324 Sect.
1113 300 1166 332 lx,
1188 288 1250 325 30.
1277 287 1312 326 ἐκ
1343 290 1422 338 Κίρ-

129 357 188 384 κης
207 342 509 389 συοφορβουμένους.
540 343 635 378 Ταη.
652 342 767 378 Faber
784 343 884 378 bene
902 342 1077 378 correxit
1097 341 1124 379 ἐν
1137 345 1275 391 Κίρκηςε
1298 349 1419 392 prout

125 396 314 434 Plutarch.
338 395 459 432 etiam
488 396 649 433 dederat
674 398 715 433 T.
737 398 782 434 ΙΙ.
807 410 846 445 p.
868 396 930 433 52.
951 410 987 432 n.
1007 396 1069 432 sed
1092 408 1170 432 non
1195 396 1268 434 illa
1296 398 1418 436 socios

127 450 278 498 Ulyssis
297 450 391 486 fecit
411 449 624 498 συοφορβοῦς,
651 462 791 488 verum
814 452 897 489 συῶν
916 453 975 492 μὲν
996 448 1084 497 ἔχειν
1104 451 1258 495 κεφαλοὶς
1274 479 1283 497 ,
1310 451 1416 496 φωννῖν

125 521 182 548 τε,
210 501 310 549 δέμας
334 521 389 542 rs:
419 505 639 542 scribamus
660 505 797 555 itaque
817 505 981 542 totidem
1003 505 1154 550 literis,
1174 508 1418 554 συομορφουμέ.

126 575 207 601 νους.
227 561 382 597 VALC
395 563 443 596 K.
472 581 523 586 —
551 560 728 597 Revertit
740 562 927 597 Herodoto
945 559 1106 596 adsueta
1124 559 1247 596 dictio
1267 560 1307 604 ἐξ
1324 560 1419 599 ’Am-

127 610 273 662 ξάνὸρου.
317 614 422 650 Talis
451 615 524 651 lib.
543 617 607 652 III.
635 628 699 662 71.
729 615 837 664 τρόπῳ
863 616 913 663 τῷ
940 615 1086 663 εἷρκμένῳ
1112 613 1144 658 ἐξ
1172 613 1348 658 Ὀτοένεος,
1378 621 1419 652 et

123 668 211 707 sine
236 681 404 705 numero
425 669 540 706 aliae.
570 671 748 709 WESS.
779 690 830 696 —-
871 669 994 717 Apud
1023 671 1184 719 Longin.
1211 670 1417 719 vulgatam

121 722 364 771 scripturam
386 724 517 760 tenuit
536 725 799 773 probavitque
820 726 934 773 Toup.
965 722 1011 762 S.

187 789 200 813 1
216 790 249 814 1.
276 780 340 823 γῆς
359 780 415 822 rig
432 776 661 822 Ἱστιαιώτιδος
683 780 735 817 ἐπὶ
753 776 976 828 Ἀρτεμίσιον)
1005 781 1095 816 Non
1113 778 1328 817 obliviscor
1344 788 1417 823 φοι·

124 832 190 880 τᾷἷν
210 853 227 860 -
245 853 262 860 -
279 852 297 860 -
330 833 380 870 ἐπ’
404 831 482 882 ἕὲωρ
513 834 564 870 ἐπὶ
592 832 647 875 τήν
669 832 904 882 Ἐννεοίκρουνον
928 833 1028 869 libri
1051 835 1119 872 VI.
1147 846 1181 871 e.
1202 834 1309 881 137„
1343 846 1416 871 nec

123 886 249 923 huius
269 887 367 924 libri
390 901 422 925 c.
447 889 532 933 173.
565 891 622 925 καὶ
651 888 791 927 α’πίκετο
820 889 848 931 ἐς
866 886 912 925 τοτ’
932 889 1076 932 Τέμπεσι
1106 889 1134 931 ἔς
1162 887 1220 929 ἰ’-ἦν
1250 887 1413 933 ἐσβολήν,

122 947 229 978 recte
248 942 395 990 posita,
422 943 485 979 sed
508 942 555 979 ad
587 943 687 980 olim
715 944 788 979 hoc
806 943 1045 979 collocatum
1064 943 1150 979 loco
1179 941 1256 993 (ἐπὶ
1273 944 1337 986 γῆς
1355 944 1415 987 τῆς

119 994 210 1046 etc.)
238 997 343 1034 haud
369 999 540 1047 gemina.
578 1000 669 1035 Iure
690 998 800 1036 Mssti
834 997 1168 1046 praepositionem
1197 997 1411 1043 auserunt,

123 1051 285 1088 noxiam
314 1058 353 1089 et
381 1053 589 1090 inutilem.
627 1055 691 1096 Γῆς
714 1058 849 1089 autem
876 1053 935 1095 τῆς
963 1050 1193 1096 Ἱστιαιώτιδος
1218 1051 1282 1096 riq
1302 1068 1415 1100 παρα·

125 1107 309 1149 θαλασσίοις
342 1105 458 1149 κώμας
490 1108 563 1142 lib.
588 1109 692 1144 VIII.
716 1109 779 1144 23.
809 1118 1032 1143 memorans
1055 1107 1214 1155 aliquid
1246 1107 1415 1154 insuper

119 1160 350 1197 moliminis
374 1167 491 1199 vetat.
520 1165 578 1202 W
591 1163 707 1200 ESS.
735 1182 786 1189 -—-
830 1163 940 1210 Quae
959 1163 1177 1199 Histiaeotis
1199 1163 1264 1198 hic
1281 1161 1414 1199 ionica

120 1215 298 1253 nominis
327 1215 453 1253 forma
482 1218 690 1262 Herodoto,
719 1215 927 1253 communi
952 1228 1046 1254 vero
1066 1220 1306 1255 Graecorum
1334 1227 1415 1252 ser-

119 1282 238 1306 mone
260 1272 482 1308 Hestiaeotis
500 1277 685 1317 vocatur,
714 1271 1052 1320 septemtrionalis
1080 1278 1137 1309 est
1154 1273 1334 1309 Euboeae
1354 1282 1414 1307 re-

114 1324 204 1375 gi03
227 1328 484 1370 Artemisium,
511 1332 685 1363 extrema
710 1326 981 1363 Histiaeotidis
1010 1340 1076 1363 ora
1105 1339 1197 1363 cum
1226 1338 1413 1374 promon-

117 1379 245 1425 torio,
274 1382 379 1429 quod
409 1394 432 1417 a
460 1382 612 1418 Dianae
642 1382 815 1430 templo,
845 1381 950 1429 quod
985 1381 1093 1418 inihi
1122 1386 1229 1424 erat,
1264 1392 1409 1416 nomen

114 1433 337 1472 invenerat.
388 1435 483 1473 Alia
504 1436 728 1479 Ἱσ-τιειιῶτις,
762 1436 984 1472 Thessaliae
1000 1463 1010 1481 ,
1045 1448 1166 1484 supra
1193 1441 1411 1472 memorata

115 1495 172 1526 est
189 1489 262 1526 lib.
281 1492 310 1526 Ι.
329 1502 361 1526 e.
383 1491 452 1535 56⁷
475 1504 486 1526 1
500 1492 534 1527 5.
562 1489 606 1529 S.

182 1545 241 1580 13.
272 1544 316 1582 τοέ
345 1544 435 1582 κατ’
458 1541 647 1593 ἑτέρους)
671 1543 820 1581 Literas
843 1545 1030 1594 aliquot,
1061 1557 1164 1594 quae
1191 1545 1316 1594 repeti
1345 1544 1411 1581 de-

120 1600 288 1643 bebant,
310 1599 374 1635 hic
392 1599 511 1635 etiam
532 1600 734 1646 absorptas
751 1600 949 1647 suspicor,
972 1600 1027 1636 sic
1050 1600 1335 1644 restituendas,
1365 1605 1412 1636 ut

119 1655 296 1703 legatur:
339 1651 420 1691 <Zeu
450 1653 660 1691 πυνθάνεσθαι
697 1652 744 1691 τα)
777 1654 871 1692 κατ’
902 1655 1118 1702 ἑκατέρους
1140 1654 1253 1693 ἐόντας
1285 1665 1410 1703 quam

113 1708 327 1745 lectionem
357 1708 609 1744 commodum
638 1708 754 1747 offert
779 1721 914 1758 margo
930 1710 1104 1759 Stephani
1114 1724 1127 1755 ,·
1153 1721 1201 1745 ex
1223 1711 1322 1748 Msto
1351 1721 1410 1745 re-

113 1769 267 1812 pertam
287 1762 408 1799 etiam
430 1766 558 1800 Vallae
575 1763 717 1800 Latina
732 1770 971 1801 monstrant.
991 1766 1201 1802 VALCK.
1222 1785 1273 1791 -
1303 1763 1408 1802 Vide

113 1822 212 1857 Var.
232 1821 334 1855 Lect.
364 1817 408 1856 S.

223 1871 366 1912 CAP.
396 1870 669 1913 CLXXVI.
703 1886 745 1908 12
768 1888 864 1924 seqq.
893 1871 1022 1913 TAEv'BE
1043 1872 1287 1923 Θερμοπυλέων
1307 1873 1402 1919 etc.)

114 1926 425 1965 Accuratissima
467 1928 560 1963 haec
594 1928 671 1964 loci
708 1928 866 1976 pictura
882 1955 892 1973 ,
936 1928 1046 1965 nulli
1064 1956 1074 1973 ‚
1112 1941 1181 1965 nec
1220 1929 1408 1965 Livianae

112 1983 188 2019 lib.
207 1985 389 2020 XXXVI.
417 1983 476 2019 15.
498 1993 627 2030 neque
645 1984 832 2020 Strabonis
856 1984 932 2019 lib.
954 1985 1019 2020 IX.
1045 1997 1082 2032 p.
1106 1984 1197 2020 655.
1224 1980 1289 2034 [p.
1313 1985 1407 2028 [428.

116 2037 177 2074 ed.
194 2034 298 2088 Cas.]
325 2037 550 2074 concedens·
582 2032 634 2075 ἵΩ
655 2037 807 2084 ναύλοχοι
826 2041 884 2076 uoci
903 2042 1045 2086 πετραῖοι
1067 2037 1203 2087 θερμοὶ
1224 2037 1405 2086 hova-902¹,

117 2093 176 2128 καὶ
194 2091 324 2135 πάγους
349 2092 456 2135 Οἴτοις
480 2091 749 2140 περινκιετοὲοντες
776 2094 884 2130 culte
911 2094 960 2129 ad
980 2095 1129 2130 accolas
1153 2094 1295 2130 chorus
1312 2095 1406 2130 Tra-

115 2145 225 2183 chin.
243 2147 409 2196 Sophocl.
429 2160 484 2184 vs,
505 2148 596 2190 642.
626 2148 748 2186 WES
758 2148 795 2185 S.

178 2201 239 2238 13.
269 2200 335 2249 ὅρος
356 2200 487 2240 ἄβατόν
507 2217 540 2238 τε
559 2204 618 2239 καὶ
633 2199 865 2253 ἀπόκρημνον)
885 2202 1082 2247 ύψκλδν,
1102 2202 1208 2251 quod
1228 2202 1404 2247 additur,

114 2255 159 2291 in
192 2256 413 2305 marginem
443 2257 618 2293 libenter
648 2256 865 2294 reiicerem.
910 2259 1027 2293 Recte
1056 2258 1288 2307 iunguntur
1313 2255 1406 2304 οὔρεσι

118 2309 242 2355 ὑψηλοὶ
269 2313 326 2348 καὶ
354 2312 496 2354 ἄβατοι,
522 2324 555 2347 c.
578 2313 664 2361 198.
692 2312 755 2348 sed
787 2311 855 2361 ἔρος
879 2309 1011 2352 οἴβικτόν
1035 2328 1069 2349 τε
1088 2315 1145 2350 καὶ
1168 2311 1401 2360 οἷπᾶκρκμνον,

114 2376 194 2401 esse
211 2364 345 2409 ὗψκλδν
358 2391 368 2408 ,
399 2367 604 2403 Herodotus
624 2367 809 2404 lectorem
831 2379 910 2402 non
930 2367 1172 2412 monuisset,
1199 2366 1272 2415 qui
1292 2366 1406 2403 decie-

117 2425 181 2456 rat
201 2419 274 2458 lib.
293 2423 355 2458 III.
381 2433 414 2457 c.
432 2434 442 2456 1
459 2434 471 2456 1
487 2434 519 2457 1.
542 2419 779 2471 ἀποκρήμνοισι
798 2420 918 2470 οὔρεσι,
945 2419 1021 2459 ἕιθα
1041 2420 1226 2470 weda-Exco
1247 2419 1401 2470 ἀνθρώπῳ
