1718 2919
300 222 351 264 42
567 213 1312 257 ΑυΝοΤΑΤῙοΝΕε

298 317 463 353 modum
485 317 558 354 lib.
578 321 607 356 Ι.
627 332 639 355 1
653 332 714 356 20.
733 324 854 368 atque
871 319 988 358 alibi.
1026 321 1134 358 Illud
1163 328 1297 359 autem
1325 322 1365 366 ὥς
1385 321 1448 366 ἐγώ
1470 324 1589 363 Arch-

297 380 336 408 et
370 374 480 409 Vind.
511 374 750 411 Scholiastae
784 375 965 413 debetur.
1013 376 1119 415 Vide
1157 377 1265 415 dicto
1298 379 1382 415 loco
1413 385 1452 415 et
1487 378 1590 417 ibid.

298 439 330 463 c.
352 428 416 463 86.
459 431 509 463 W
522 431 552 465 E
564 431 587 466 S
599 431 639 466 S.

408 480 553 522 CAP.
576 482 717 524 CCX.
751 498 761 520 1
790 499 863 534 seq·
890 485 1051 534 Τέω-ερας
1069 489 1128 529 μὲν
1147 483 1183 526 3„
1204 487 1417 535 παρεξῆκε
1435 483 1586 539 intexe)

299 539 379 574 Hoc
401 538 621 587 significat,
644 541 868 589 quatriduum
884 541 1105 589 praeterlabi
1121 556 1249 590 passus
1270 549 1347 587 est‚·
1377 549 1422 578 ut
1442 544 1590 591 παριῗκεν

299 599 356 629 est
381 595 598 639 intromisit,
616 596 676 631 vel
701 597 782 632 sivit
802 597 957 645 ingredi.
987 596 1184 632 Videatur
1204 599 1332 634 Portus
1353 596 1394 632 in
1419 598 1589 645 Παριέναι.

298 648 386 685 Lib.
409 651 470 685 Ill.
499 651 584 693 124ss-
602 652 814 695 auxiliares,
840 654 957 699 portis
978 650 1177 700 patefactis
1192 681 1202 696 ,
1227 651 1319 695 ἐξῆκε
1342 652 1394 688 ἐπὶ
1416 650 1488 693 τοῦς
1506 653 1588 697 Πέρ-

300 719 381 745 σας,
403 706 517 740 emisit
535 707 573 741 in
585 707 712 742 Persas
726 722 734 738 .-
754 706 854 742 verti
875 719 954 742 non
974 706 1138 744 debebat
1155 708 1349 756 egreditur.
1368 707 1442 743 VA
1456 707 1522 743 LC
1535 709 1587 743 K.

358 759 377 793 8
399 773 470 808 seq.
499 762 556 796 καὶ
587 759 646 797 οὐκ
678 759 918 798 α’πέλαυνον
949 764 1010 799 καί
1035 778 1092 809 περ
1124 761 1282 804 μεγάλως
1307 758 1584 810 προσπταίοντες)

298 814 446 850 Iustius
479 813 683 852 οἷπέλοιυνοντ
718 811 867 864 [quam
898 813 1231 866 oe'rtekoezivovrm]
1269 818 1353 852 Post
1384 816 1586 852 nonnulla

299 880 383 916 cap.
408 882 496 906 211.
516 877 615 905 extr.
635 872 693 907 ux)
717 873 878 914 παντοίως
894 869 1157 916 προσβάλλοντες
1180 870 1369 911 α’πῆλαυνον
1390 869 1517 908 dorium:
1548 876 1587 907 et

298 934 384 971 cap.
404 937 494 960 212.
526 925 629 962 Medi
661 925 755 969 alii,
781 926 894 975 iique
929 932 1122 970 recentes,
1153 926 1441 975 inpressionem
1471 924 1588 962 facie-

298 979 414 1023 hant,
443 992 513 1015 nec
531 980 665 1016 cessim
692 981 828 1021 ibant,
858 981 1121 1030 quantumvis
1144 982 1397 1017 vehementer
1418 979 1589 1016 offende-

297 1040 389 1070 rent
406 1041 444 1070 et
466 1036 757 1072 mulcarentur.
790 1039 868 1072 Hoc
888 1037 1004 1072 verba
1023 1037 1185 1079 volunt;
1215 1047 1344 1084 neque
1362 1035 1470 1071 enim
1489 1051 1589 1083 προσ·-

297 1091 426 1125 πτκίειν
470 1092 660 1139 ingruendi
676 1120 686 1135 ‚
720 1091 826 1139 quod
876 1093 1004 1128 Vallae
1035 1091 1167 1127 visum
1187 1118 1197 1136 ,
1233 1091 1395 1127 notione
1432 1090 1590 1140 gaudet.

298 1145 356 1182 W
370 1145 482 1181 ESS.
503 1166 553 1171 —
585 1147 721 1192 Quum
744 1145 966 1184 οἷπελοιύνοντο
986 1151 1077 1182 ante
1095 1146 1154 1184 ed.
1174 1149 1301 1183 PVess.
1322 1146 1536 1195 legeretur,
1554 1143 1588 1181 si

296 1197 540 1246 simpliciter
556 1201 720 1237 abierunt
743 1206 815 1237 aut
841 1215 877 1237 se
905 1208 1109 1250 receperunt
1137 1202 1415 1251 intelligatur,
1441 1199 1590 1236 iustius

299 1253 443 1301 utique
458 1254 641 1292 οὲπέλοιυνον
658 1255 829 1291 iudicari
848 1256 1030 1299 debehat3
1049 1269 1297 1305 quamquam
1318 1256 1388 1291 lib.
1403 1258 1453 1292 V.
1473 1267 1505 1292 e.
1523 1262 1588 1304 94,

303 1321 336 1344 1.
357 1307 473 1357 Ἱππίῃ
493 1307 523 1347 δὲ
542 1311 677 1348 ἐνθεῦτεν
698 1309 1049 1358 οἷπελαυνομένῳ,
1085 1313 1213 1348 Vallae
1231 1310 1472 1352 versionem,
1496 1311 1590 1358 Hip-

293 1365 377 1413 pias
405 1366 486 1400 inde
510 1363 783 1413 profectus,
810 1366 926 1403 nulla
955 1366 1105 1403 adiecta
1127 1370 1291 1403 censura
1318 1366 1590 1414 l‘Vesselingius

298 1418 419 1454 etiam
442 1419 587 1456 tenuit.
626 1421 718 1465 Sed,
739 1432 879 1457 verum
899 1420 930 1456 si
948 1421 1203 1469 quaerimus,
1229 1420 1380 1469 passivo
1399 1417 1592 1457 α’πελαυνᾶ-

297 1489 389 1517 ,uem
417 1475 538 1522 paulo
562 1475 757 1512 diversior
783 1475 959 1512 subiecta
986 1474 1096 1512 notio
1123 1482 1199 1512 est:
1229 1482 1268 1513 et
1292 1479 1343 1514 V.
1364 1482 1429 1525 94.
1455 1486 1526 1521 pro
1543 1485 1592 1510 eu

298 1529 402 1577 quod
426 1529 484 1566 ibi
506 1542 526 1566 a
550 1542 613 1566 me
631 1543 793 1579 quoque
818 1537 874 1567 est
894 1530 1067 1579 positum
1081 1557 1091 1575 ,
1111 1533 1269 1581 Hippiae
1284 1551 1301 1559 -
1321 1527 1591 1579 —profect⁰,

297 1584 445 1621 rectius
465 1591 638 1633 ponetur
657 1587 814 1636 Hippiae
834 1607 850 1613 -
873 1607 891 1613 -
918 1587 1106 1630 reiecto,
1127 1593 1198 1623 aut
1218 1600 1308 1622 cum
1333 1588 1514 1634 repulsa
1534 1585 1589 1620 di-

299 1642 429 1684 misso;
460 1641 524 1676 hic
539 1652 651 1685 vero,
675 1641 758 1677 loco
776 1641 862 1677 cius
882 1641 987 1689 quod
1007 1641 1194 1689 equidem
1224 1640 1336 1690 posui
1354 1654 1391 1677 se
1409 1653 1589 1688 recepere,

298 1694 446 1731 rectius
473 1695 598 1732 fuerit
618 1697 895 1745 repellebantur,
916 1699 1037 1745 repelli
1058 1711 1094 1733 se
1110 1699 1213 1745 passi
1232 1702 1337 1740 sunt3
1364 1700 1457 1740 aut,
1481 1693 1588 1742 quod

298 1761 391 1785 cum
408 1751 617 1787 Gronovio
609 1763 690 1799 lpse
705 1752 756 1788 eti
761 1765 824 1787 am
841 1753 968 1788 VVess.
981 1751 1156 1796 dederat,
1170 1751 1446 1805 depellebantur.
1474 1748 1590 1798 Quod

300 1803 365 1842 εἷπε
361 1807 482 1844 ’λκυνον
512 1806 575 1842 hle
596 1807 711 1843 Arch.
735 1813 773 1843 et
795 1808 904 1843 Vind.
932 1806 1183 1854 praeferunt,
1214 1802 1254 1842 id
1279 1817 1326 1842 ex
1345 1804 1496 1842 scholio
1514 1808 1587 1840 aut

297 1858 631 1907 interpretatione
675 1861 851 1898 hominis
890 1861 958 1897 inv
961 1867 1092 1897 ectum
1123 1867 1201 1912 est,
1241 1861 1314 1911 qui
1345 1858 1588 1908 simpliciter

298 1914 479 1960 abierunt,
499 1930 535 1952 se
555 1924 775 1966 receperunt,
797 1917 1064 1953 intellexerat.
1091 1915 1138 1955 S.

361 1982 420 2005 11.
452 1967 502 2007 ἔτι
531 1974 649 2009 πολλοὶ
671 1976 729 2014 μὲν
759 1970 964 2017 ἄνθρωποι
995 1970 1073 2015 εἷεν,
1109 1972 1217 2014 δλῖγω
1247 1967 1277 2009 δὲ
1303 1966 1437 2018 ἄνδρες)
1478 1968 1586 2017 Quia

300 2024 480 2071 proxima
504 2033 816 2073 praecesserunt,
838 2024 931 2067 δῆλον
951 2023 980 2063 δ’
1001 2027 1122 2063 ἐποίουν
1144 2047 1161 2054 -
1179 2047 1195 2054 ·
1214 2047 1231 2054 -
1261 2025 1320 2063 οὔκ
1340 2022 1463 2063 ἥκιστα
1490 2022 1587 2072 αὐτῷ

298 2080 452 2120 βασιλέϊ,
482 2080 681 2128 scripsisse
697 2084 887 2120 Nostrum
919 2081 1196 2129 suspicabatur
1219 2079 1372 2116 doctiss.
1396 2080 1440 2116 G.
1461 2081 1588 2122 Κοεη,

301 2129 352 2170 gra
379 2136 497 2171 πολλοὶ
526 2138 584 2177 μὲν
611 2134 771 2184 ἄνθρωποί
795 2137 828 2174 οἱ
857 2134 926 2173 εἷεν.
973 2136 1155 2185 Eleganti
1183 2135 1433 2173 coniecturae
1462 2133 1583 2177 favet,

300 2196 458 2234 praeter
477 2190 618 2227 Xerxis
638 2191 792 2227 dictum
815 2190 886 2227 lib.
907 2192 1011 2227 VIII.
1031 2203 1063 2227 c.
1083 2193 1146 2227 88.
1160 2216 1170 2236 ‚
1188 2196 1226 2226 et
1245 2191 1440 2227 Frontinus
1459 2191 1568 2226 IV...

302 2255 338 2292 9.
370 2244 509 2280 Xerxes
538 2245 642 2282 hocse
667 2248 847 2296 deceptum
873 2246 1013 2290 aiebat,
1043 2247 1136 2296 quod
1161 2249 1289 2282 multos
1320 2245 1458 2295 quidem
1475 2244 1589 2280 homi-

301 2312 361 2333 nes
390 2299 557 2344 haberet;
596 2298 676 2349 (οτι
694 2322 710 2328 -
729 2322 745 2328 -
771 2306 805 2338 οἱ
829 2306 898 2338 εἷεν·
909 2296 929 2350 )
956 2303 1053 2337 viros
1078 2307 1197 2337 autem
1224 2303 1363 2336 nullos:
1393 2311 1511 2343 nam,
1542 2303 1588 2334 ut

302 2353 574 2403 lVesselingio,
595 2355 697 2391 mihi
719 2367 881 2404 quoque
896 2355 1094 2403 scripsisse
1112 2356 1273 2392 videtur
1290 2357 1500 2392 Frontinus.
1529 2353 1589 2390 Si-

299 2408 471 2445 milibus
490 2409 732 2457 quibusdam
754 2410 828 2446 ista
844 2409 1124 2446 subiiciuntur
1140 2411 1247 2459 apud
1269 2408 1472 2446 Eustath.
1462 2421 1506 2444 111
1523 2408 1590 2446 Ἰλ.

300 2460 336 2501 ε’.
364 2476 403 2514 p.
427 2464 524 2511 557,
544 2473 607 2516 49.
639 2466 700 2515 [p.
726 2466 818 2503 668.
836 2465 897 2504 ed.
913 2461 1053 2516 Rom.]
1081 2465 1120 2504 τᾶ
1150 2468 1278 2509 μέντοι,
1311 2463 1387 2514 (ἔτι
1416 2461 1587 2510 excidit)
