1718 2919
276 161 373 234 Ao
419 190 830 233 HERono‘r.
871 190 990 233 vu,
1020 192 1180 243 67-69.
1311 194 1391 235 333

93 294 211 342 θὲξικζ
237 298 373 336 habiles
392 297 436 333 in
455 297 610 334 Latinis
633 298 782 341 Vallae,
803 297 908 342 sive,
930 295 1273 346 quemadmodum
1295 298 1391 336 Edd.

97 359 140 389 et
153 351 315 401 scripti,
345 353 426 401 πρδς
448 351 563 396 δεξιοὶ,
590 353 641 388 ad
668 353 834 388 dextram
861 352 1034 401 adpensi:
1065 352 1252 401 equidem
1275 351 1393 401 πιριδέ-

102 407 160 451 ξια
177 407 293 453 novi,
321 420 399 444 non
425 407 547 443 illud.
574 407 710 443 Dubio
733 412 935 443 exemtum
966 420 1076 443 nunc
1105 407 1216 443 omni
1244 408 1280 445 ἐκ
1307 407 1394 447 Φοί.

101 477 217 504 νικος
243 460 372 505 σπάθης
392 469 471 507 est,
494 458 577 512 [lin.
603 458 656 510 4.]
675 474 777 509 quae
803 462 994 498 Kiihnium
1013 462 1212 510 scriptura
1238 462 1286 498 ad
1308 464 1393 499 Pol-

91 518 212 552 -lucem
233 529 312 553 non
335 517 452 567 fugit.
482 516 760 554 Cer-tissimum
782 516 902 552 etiam
922 517 1114 558 ἐναμμένοι,
1147 512 1237 567 [lin.
1260 513 1323 568 3.]
1342 518 1393 554 ad

98 571 257 608 Diodori
275 572 350 608 lib.
368 574 396 609 Ι.
420 585 432 607 1
447 585 479 608 1.
496 585 535 619 p.
565 585 577 606 1
590 572 625 608 5.
653 570 907 619 explicitum.
928 571 1103 609 WESS.
1163 609 1170 613 ‚
1376 590 1380 592 -

92 645 94 647 ·
161 626 196 662 5.
225 628 372 670 λεοντέας
397 621 656 675 ἐναμμένοι)
680 626 744 662 Sic
758 626 909 674 optime
929 627 1086 663 Gronov.
1106 637 1153 660 ex
1174 627 1271 662 Med.
1300 633 1394 665 Λεον-

96 680 161 720 τὶῐν
185 681 356 723 ἐνκμμένκν
373 680 532 728 scripsit
550 681 742 729 Aristoph.
764 682 864 717 Ran.
885 693 938 718 vs,
968 680 1060 724 455.
1086 677 1211 728 νεβρίδα
1233 681 1389 724 ἐννῖφθαι,

102 734 285 771 Cornutus
303 736 351 771 de
368 739 458 773 Nat.
475 737 591 773 Deor.
607 748 640 772 c.
656 748 719 782 27.
734 743 773 771 et
786 737 1010 784 Harpocrat.
1031 735 1075 771 in
1096 735 1271 781 Νεβρίξων.
1309 751 1393 783 πειρ-

100 785 206 829 δαλῖίν
227 790 360 833 ἐνῆφθοιι
376 817 386 833 ,
409 792 530 828 schol.
552 791 738 827 Theocriti
759 792 787 826 1.
811 791 846 827 3.
865 803 944 827 non
962 816 972 833 ‚
1003 795 1049 825 ut
1073 789 1286 838 vulgatur,
1305 788 1394 838 ποτ’ρ-

101 840 195 881 δαλιν
217 845 371 888 εἶλιῗφθκι
387 861 396 879 :
426 846 498 882 hoc
518 844 589 882 ubi
609 851 666 881 est
683 845 727 880 in
748 846 905 883 Pollucis
927 846 1030 881 VIII.
1056 844 1142 881 151.
1168 843 1313 885 οἷνὶἶῶθοα
1328 855 1393 881 ve-

99 897 188 934 rius
209 904 278 935 est.
307 897 492 947 παρδαλέην
518 901 651 943 ἐνῡῖφθοιι
673 900 834 936 dederat
853 906 893 937 et
910 900 1078 936 Eustath.
1096 899 1139 934 in
1159 897 1223 936 Ἰλ.
1240 898 1287 941 γ’.
1306 901 1392 948 pag.

84 954 206 999 .283,
234 954 300 998 45.
322 967 403 990 non
431 955 576 992 ἐνεῒσθαι.
618 956 663 990 In
693 955 911 1002 proximis,
944 951 1038 1004 [lin.
1065 950 1131 1004 4.]
1162 960 1208 989 ut
1235 961 1320 990 erat
1346 954 1391 990 in

31 1019 35 1025 ·
82 1020 224 1058 -marg.
253 1010 377 1059 Steph.
399 1009 564 1058 corrigit
583 1010 737 1045 Palmer.
758 1010 793 1046 ἐκ
818 1012 1012 1051 Φοίνικος
1031 1008 1159 1050 emim
1177 1024 1184 1041 ε
1208 1015 1329 1056 atque
1348 1009 1390 1044 id

98 1063 234 1110 ipsum
261 1063 306 1099 in
339 1064 433 1100 aliis
459 1075 537 1100 esse
566 1064 780 1100 Codicibus
805 1064 1022 1100 didicimus
1050 1074 1096 1098 ex
1124 1063 1289 1100 Dissert.
1316 1065 1391 1100 He-

84 1119 217 1154 ,rodot.
239 1120 480 1169 VVesselingii
500 1132 538 1167 p.
571 1131 583 1153 1
600 1132 660 1168 ¹9·
686 1121 899 1156 VALCK.

75 1194 90 1202 ⁷-
156 1172 352 1216 &miro-ro&
373 1173 524 1222 μικρού
539 1169 586 1223 ς)
618 1174 785 1210 Collatis
810 1174 1115 1223 Agatharchidae
1138 1178 1176 1208 et
1202 1174 1391 1210 Heliodori

95 1227 230 1265 verbis
258 1227 316 1266 ita
336 1228 515 1277 reposuit
544 1231 581 1265 S.
608 1229 813 1265 Bochartus
846 1229 956 1265 Phal.
981 1231 1053 1266 IV.
1082 1229 1145 1264 26.
1172 1241 1257 1277 pag.
1278 1229 1389 1272 266.;

92 1295 220 1331 quam
248 1284 384 1333 magni
410 1284 490 1320 viri
518 1284 803 1319 correctionem
832 1283 876 1319 in
906 1295 1070 1319 examen
1099 1294 1258 1330 operosa
1287 1284 1387 1321 Nob.

93 1339 292 1375 Palmerius
309 1338 593 1388 disquisitione
613 1338 746 1384 misit,
765 1338 935 1375 Exercit.
954 1352 992 1386 p.
1019 1339 1103 1380 53.;
1126 1338 1391 1386 probabiliter

93 1393 324 1439 ostendens,
349 1393 462 1430 arcui
491 1392 727 1443 praegrandi
753 1394 953 1429 minorem
981 1393 1165 1442 sagittam
1186 1405 1266 1428 non
1289 1392 1393 1441 opti·

95 1460 160 1484 me
185 1450 417 1493 convenire3
447 1449 739 1486 incurvationis
767 1449 877 1484 enim
901 1448 1029 1496 spatio
1054 1447 1161 1484 haud
1187 1448 1386 1490 suflicere3

92 1505 285 1540 Heliodori
315 1505 433 1540 verba
460 1509 499 1539 et
517 1504 821 1553 Agatharchidae
838 1510 1084 1546 controversa
1116 1502 1257 1540 videri.
1299 1504 1389 1551 Qua

88 1558 261 1607 quidem
288 1559 332 1594 in
358 1559 631 1608 disputatione
666 1559 860 1606 posterior
878 1557 981 1593 mihi
1006 1570 1094 1605 pars
1120 1557 1296 1594 elumbis
1324 1558 1390 1593 ad-

96 1613 257 1661 paruit3
283 1614 402 1651 sicuti
420 1626 582 1662 quoque
596 1640 605 1657 ς
632 1613 790 1662 sagittas
809 1612 944 1661 μκκροὶς
961 1618 999 1648 et
1015 1615 1153 1660 βραχεῖς
1171 1618 1273 1648 recte
1286 1613 1388 1657 diei,

91 1667 233 1708 minus
253 1667 412 1712 μεγάλαις
432 1674 471 1704 et
488 1667 623 1715 μικράς.
652 1668 801 1706 Verius
832 1669 1049 1704 Gronovius.
1082 1664 1298 1716 [monens,
1329 1667 1389 1702 ni-

93 1723 156 1758 hil
181 1723 379 1772 impedire
402 1736 482 1772 quo
506 1723 643 1759 minus
670 1723 833 1772 sagittae
859 1724 975 1770 μικραὶ
1000 1718 1231 1772 dicuntum]
1263 1722 1386 1769 Δάρσιπ

92 1780 304 1827 μικροτέρσισι
332 1777 503 1825 χρεώμεναι
546 1778 706 1815 Codices
730 1778 897 1826 quidam
931 1777 1004 1813 lib.
1033 1779 1119 1814 VII.
1147 1790 1189 1811 21
1206 1790 1238 1813 1.
1265 1776 1388 1825 Equi-

88 1833 205 1878 dem,
221 1833 300 1869 nisi
319 1833 429 1870 Mssti
447 1834 668 1874 obstarent„
690 1833 733 1868 in
754 1840 883 1881 partes
904 1832 964 1867 ire
984 1844 1146 1880 possem.
1175 1834 1287 1880 Lapis
1305 1846 1388 1868 acu-

92 1895 168 1933 tus,
189 1902 255 1938 quo
275 1890 401 1937 sigilla
421 1888 693 1936 sculpebantur,
719 1884 803 1938 [lin.
825 1889 845 1923 6
866 1883 958 1937 seq.]
981 1902 996 1923 s
1009 1889 1146 1923 miris
1160 1916 1169 1931 ‚
1197 1888 1390 1923 Hebraeo·

94 1955 186 1979 rum
212 1952 340 1992 Ἶνῃω
358 1946 497 1986 Samir,
517 1947 590 1985 θεῖς
613 1943 660 1978 de
678 1956 760 1991 quo
779 1941 1051 1978 eruditissime
1071 1943 1275 1978 Bochartus
1297 1942 1387 1978 Hie-

87 1997 229 2034 .1·ozoic.
250 2000 352 2034 Part.
372 2000 418 2034 ΙΙ.
438 1998 510 2035 lib.
532 2000 600 2035 VI.
623 2011 661 2046 p.
692 2000 784 2042 842.
816 1998 993 2035 WESS.

154 2066 214 2089 12.
243 2048 322 2098 {exe
351 2051 588 2101 Ἀρσοένκς)
622 2055 794 2090 Fortasse
818 2053 890 2088 hoc
917 2052 1075 2088 homini
1102 2063 1249 2088 nomen
1282 2051 1387 2087 fuit:

93 2107 252 2155 liquido
282 2121 362 2144 non
395 2108 707 2145 adfirmaverim.
745 2104 877 2159 [Vide
912 2108 1004 2145 Var.
1030 2104 1156 2158 Lech]
1189 2109 1234 2143 In
1265 2107 1387 2144 Persis

55 2164 59 2167 '
94 2163 230 2211 plures
254 2166 488 2205 Arsames3
511 2163 645 2211 qualis
670 2163 880 2207 Plutarchi,
896 2163 1037 2198 Artox.
1060 2175 1146 2211 pag.
1173 2162 1272 2198 1026
1296 2164 1386 2208 h'n⁴⁷

59 2234 63 2237 ·
91 2220 274 2266 Antigoni
294 2219 456 2269 Carystii
473 2231 506 2254 e.
536 2231 548 2253 1
561 2220 623 2254 28.
636 2245 645 2263 ‚
665 2219 841 2270 Polyaeni
861 2219 947 2254 VH.
970 2219 1033 2253 23.
1046 2244 1055 2262 a
1082 2229 1204 2266 quem
1229 2219 1389 2253 Mausei—

59 2289 64 2294 ·
92 2287 154 2310 cus
182 2285 275 2309 cum
303 2273 375 2309 hoc
400 2274 503 2309 male
532 2273 749 2310 contendit.
789 2275 916 2310 Immo
935 2272 1033 2320 ipsis
1053 2272 1169 2308 Darii
1193 2272 1237 2316 in
1264 2272 1389 2307 maio-

91 2327 206 2364 'ribus
223 2332 414 2373 Arsames,
434 2328 512 2364 inf.
526 2341 609 2376 cap.
636 2337 725 2373 224.
743 2328 915 2367 WESS.
932 2348 982 2353 —
1011 2327 1106 2375 'Apo-
1120 2326 1234 2369 κ’μκς
1257 2327 1388 2375 legiti-

91 2395 206 2419 mum
227 2383 361 2430 potius
380 2395 523 2419 nomen
548 2384 776 2420 videbitur.-
809 2382 932 2418 huius
953 2394 1145 2429 proavus7
1175 2388 1285 2429 pater
1311 2385 1387 2428 Hy-

88 2437 295 2486 staspidis,
316 2438 484 2486 Ἀρσάμης
501 2438 716 2487 aliquoties
735 2445 901 2477 vocatur
922 2439 1086 2475 Nostro:
1107 2436 1168 2472 his
1188 2436 1296 2473 inter
1314 2436 1387 2472 du·
