1718 2919
255 222 353 261 AD
393 221 789 260 HERODOT.
833 221 920 260 IX.
968 223 1128 262 16-18.
1265 224 1342 271 237

63 322 232 374 σῶέὃραυ
213 325 413 362 σΙοεεειῒοΓί
430 325 715 363 redonandum.
748 325 967 362 Pristinum
987 331 1090 362 certe
1105 327 1346 362 Herodoteum

66 385 141 417 est:
162 379 218 416 sic
236 393 268 416 c.
285 381 348 430 59.
369 380 395 417 οἱ
415 379 480 427 ’γοὶρ
498 380 700 422 &remensi
680 395 738 418 ατε
756 377 949 426 μηδίζοντας
967 379 1179 423 μεγοῖλως
1214 383 1347 419 Portus

65 436 185 483 plura
200 434 403 471 conduxit.
420 437 476 473 W
488 435 598 471 ESS.
628 455 678 461 —-
710 435 977 471 Consentiunt
998 441 1127 470 tamen
1155 435 1197 470 in
1218 433 1347 484 σφόοξοι

65 496 104 526 et
123 490 363 538 Wesselingii
382 494 420 524 et
442 489 616 537 Stephani
635 489 801 533 codices,
827 488 1005 537 itemque
1030 490 1153 525 nostri
1186 502 1343 526 omnes:

64 550 112 580 ut
137 544 280 580 merito
308 543 487 587 mireris,
521 544 627 578 unde
661 557 753 580 nam
777 545 893 580 Aldus
926 542 1084 586 μεγάλως
1111 544 1346 592 arripuerit.

65 598 157 637 Sed
188 604 326 635 utrum
357 598 524 634 istorum
553 598 766 634 verborum
790 598 1008 645 praeferas,
1041 611 1183 646 parum
1213 600 1348 637 refert.

63 653 259 701 Equidem
284 653 326 688 in
352 664 393 688 re
412 653 494 700 ipsa
512 657 550 688 et
569 652 612 688 in
634 653 755 689 totius
778 653 982 700 pericopae
997 654 1190 689 sententia
1207 654 1347 690 adhae-

65 708 112 744 si.
151 709 230 745 Nec
256 708 365 744 enim
391 707 504 743 video
529 720 609 755 quo
635 714 744 755 pacto
765 707 857 743 haec
887 708 1140 752 cohaereant,
1174 724 1285 749 ,aomos
1314 697 1345 746 δὲ

69 763 192 804 Φωκέες
215 778 251 799 ου
272 763 502 803 συνεσέβαλον,
531 758 685 803 ἐμήδισαν
711 760 790 808 yde
815 759 852 802 δη
873 759 1001 809 σφόἓρκ
1028 759 1136 812 (sive
1159 761 1346 813 μεγοέλως)

66 817 124 852 καὶ
143 831 253 860 ova-oz,
276 816 505 864 praesertim
525 815 556 851 si
584 822 669 863 post
693 818 780 853 οὗτοι
800 815 1066 852 intercidatur
1085 817 1224 853 oratio.
1263 818 1347 854 Sal-

66 874 143 905 tem
161 867 302 916 ε’μκὸιξον
321 887 391 914 μεν
405 887 471 916 γαρ
490 878 761 918 exspectasses,
776 876 814 906 et
829 870 920 906 dein
941 887 1000 908 ουκ
1018 870 1140 914 ἑκόντες
1163 869 1220 914 δὲ,
1239 872 1346 919 quod

63 924 108 959 in
124 925 253 961 Vallae
266 925 403 961 latinis
418 930 491 968 est,
503 939 576 961 non
596 933 637 961 ta
649 940 739 961 men
753 927 961 962 voluntarii.
990 926 1174 974 Denique
1187 932 1226 962 et
1239 927 1347 963 illud

61 978 229 1015 omnino
250 980 403 1016 mirum
423 979 581 1021 accidit
600 993 680 1028 quo
698 993 734 1027 pz
724 986 828 1022 tcto,
848 992 946 1028 quos
961 980 1018 1016 ait
1033 981 1210 1029 Scriptor
1224 988 1348 1018 castra

65 1035 272 1080 Mardonii,
298 1049 385 1071 unos
406 1049 448 1070 ea:
468 1034 648 1080 omnibus,
665 1049 739 1071 non
758 1049 832 1071 esse
847 1041 1004 1079 secutos,
1022 1042 1055 1070 et
1075 1030 1245 1072 invi‘tos
1269 1050 1347 1072 cum
1388 1056 1391 1060 -

59 1103 101 1125 eo
122 1086 279 1135 secisse,
303 1089 455 1124 eosdem
485 1095 614 1124 tamen
640 1090 746 1125 dicat
776 1086 904 1135 σφόδρα
921 1094 993 1125 aut
1015 1105 1056 1130 με
1058 1088 1173 1132 γοέλςω
1201 1092 1347 1127 Medis

58 1144 261 1181 studuisse:
298 1143 403 1191 quod
431 1143 462 1179 si
500 1145 646 1179 abesset
679 1143 941 1188 adverbium,
984 1144 1101 1179 nulla
1129 1138 1345 1181 admodum

57 1197 276 1234 difficultas
294 1203 522 1245 superesset.
549 1196 594 1235 S.

120 1254 157 1289 8.
182 1251 342 1288 Rectius
360 1253 603 1304 Hermocydes
622 1251 775 1287 dicitur
795 1250 873 1300 οἷνηρ
891 1268 954 1289 των
978 1251 1089 1288 oio-mv
1110 1248 1348 1294 δοκιμώτα-

63 1321 140 1349 τος,
165 1318 295 1354 quam
312 1303 629 1350 δυνατωτατος
619 1320 661 1342 111
683 1307 779 1371 Med.
799 1317 845 1341 ex
865 1319 945 1354 quo
963 1306 1146 1343 virLlar
1166 1303 1347 1358 [lin.10.]

61 1360 214 1408 optime
231 1361 409 1397 restituit
426 1370 474 1397 ius
469 1360 572 1399 ’λεια-ε’
591 1371 694 1405 σφεας
710 1360 768 1398 ἐπ’
787 1360 927 1397 ε’ωὑτω
937 1378 950 1397 ν
971 1361 998 1397 ἐν
1019 1362 1069 1408 τῷ
1090 1359 1186 1409 πεδιῳ
1205 1362 1248 1407 t?
1252 1364 1343 1404 σθαι,

57 1417 205 1453 seorsim
223 1417 352 1453 sedere.
381 1417 596 1452 VALCK.

123 1482 182 1507 ιο.
213 1470 270 1507 ἐπ’
292 1469 439 1517 ἓωὺτῶν)
470 1470 687 1507 verissime
708 1470 922 1505 Gronovius.
960 1467 1013 1505 At
1033 1481 1106 1504 cur
1125 1470 1241 1506 nulla
1258 1472 1348 1508 Aldi

60 1523 238 1560 mentio?
273 1525 402 1561 Papius
425 1524 710 1561 animadvertit
728 1523 879 1559 foedam
902 1536 1114 1570 operarum
1131 1526 1348 1561 aberratio-

57 1590 149 1614 nem
165 1585 204 1615 et
215 1579 400 1615 correxit.
428 1575 553 1628 [Vide
568 1582 658 1616 Var.
668 1574 787 1627 Lect.]
813 1578 947 1614 Νοεῐιί
961 1579 1172 1615 Amazones
1194 1580 1266 1617 lib.
1278 1583 1347 1617 IV.

67 1641 154 1677 114.
175 1634 325 1676 οῖκέωμεν
346 1633 397 1670 ἒπ’
416 1633 521 1675 ἡμέων
541 1634 688 1677 αὐτέων,
716 1633 912 1669 habitemus
934 1647 1112 1679 seorsum5
1132 1639 1170 1669 et
1192 1636 1259 1670 IX.
1281 1635 1346 1681 37.

63 1687 148 1733 εἶχον
170 1703 237 1735 γαρ
261 1690 319 1724 καὶ
338 1689 425 1726 οὗτοι
445 1687 496 1725 ἐπ
514 1689 640 1726 moratu
660 1688 792 1732 μα’ντιν.
821 1688 1002 1726 WESS.

120 1754 180 1791 19.
210 1739 310 1789 ανδροι
331 1740 446 1779 ποὶιτοι
473 1742 578 1792 rad)
607 1743 754 1779 Iustior
782 1741 897 1783 ordo;
917 1741 1050 1789 qualis
1070 1754 1102 1778 c.
1122 1743 1183 1780 88.
1201 1741 1346 1784 ἔπιθκσε-

63 1797 136 1833 σθαι
153 1794 219 1844 ’γοὲρ
241 1797 267 1834 οἶ
289 1794 405 1833 volva-u
422 1795 495 1833 τινοέ
516 1796 595 1834 οἴετο
609 1823 619 1840 ,
636 1803 675 1834 et
693 1796 976 1833 multifariam.
1011 1794 1120 1844 ’Ήπερ
1138 1798 1344 1844 παρέχοντας

57 1848 138 1899 [lin.
156 1863 174 1885 2
187 1846 237 1901 1.]
254 1851 402 1895 suidas,
422 1852 576 1887 cunctis
595 1851 637 1887 in
657 1851 778 1888 Codd.
797 1851 960 1887 obvium
975 1877 985 1895 ,
1005 1850 1179 1893 invenit;
1201 1851 1267 1887 cui
1291 1859 1347 1896 taff

56 1904 184 1940 citum
215 1916 432 1953 pronomen
455 1906 526 1941 ubi
546 1906 741 1954 aptaveris
760 1933 768 1950 ‚
797 1917 900 1953 quae
918 1905 1090 1941 novandi
1114 1906 1346 1943 necessitas?

57 1960 106 1995 Et
116 1961 275 1996 Reislcius
292 1966 422 1995 tamen
440 1958 461 2001 nx
476 1959 739 2008 περπερεύοντοις,
760 1961 990 2008 inprudenter
1004 1960 1220 2010 absurdeque
1235 1974 1347 2009 agenf

52 2020 129 2058 tes,
148 2014 212 2050 sed
232 2014 511 2062 inprudenter.
549 2014 796 2062 Περπερεύεσθαι
821 2014 1005 2050 Graeciae
1030 2021 1086 2050 est
1114 2015 1345 2051 recentioris

58 2074 97 2104 et
112 2068 289 2105 Cilicum
308 2069 493 2112 dialecti,
523 2069 601 2104 nisi
624 2071 818 2105 Salmasius
834 2069 965 2114 fallit,
983 2075 1162 2105 veterum
1181 2070 1344 2118 vestigia

58 2134 262 2170 premens,
280 2125 432 2160 Funere
452 2123 562 2172 Ling.
583 2123 792 2159 Hellenist.
811 2136 848 2170 p.
870 2123 955 2159 152.
987 2124 1066 2171 Qui
1088 2124 1250 2171 quidem
1271 2125 1346 2160 sal-

56 2189 122 2227 sus
140 2178 171 2213 si
192 2178 340 2223 fuerit,
362 2185 553 2227 arguente
581 2179 635 2215 Io.
653 2178 739 2215 Alb.
759 2178 923 2214 Fabricio
947 2178 995 2213 ad
1015 2181 1159 2215 Sextum
1175 2181 1345 2229 Empiric.

57 2221 130 2268 lib.
150 2234 180 2269 Ι.
200 2232 301 2271 Adv.
313 2235 531 2270 Grammat.
550 2245 583 2270 c.
600 2246 634 2269 2.
655 2245 694 2280 p.
708 2245 798 2278 227.
809 2232 998 2277 ,obtrudi
1012 2234 1216 2278 Herodoto,
1235 2233 1341 2281 quod

55 2285 284 2335 ignorabat,
300 2287 404 2322 haud
424 2287 618 2335 oportuit.
645 2287 821 2326 WESS.

163 2339 306 2380 CAP.
325 2338 521 2380 XP'IIJ.
548 2355 579 2377 1.
594 2341 636 2379 ‘O
656 2344 714 2384 μὲν
738 2335 810 2387 ὠν)
831 2343 939 2376 Hanc
957 2341 1140 2377 voculam
1159 2353 1205 2377 ex
1217 2354 1342 2390 marg.

52 2396 175 2444 steph.
196 2397 348 2432 auctori
371 2397 636 2433 restituerem.
657 2397 733 2432 VA
745 2397 872 2431 LCK.
903 2415 953 2421 —
983 2397 1031 2431 Et
1052 2396 1198 2443 recepit
1214 2390 1342 2434 W'ess'.

52 2450 270 2500 neglectam
288 2464 310 2487 a
333 2452 447 2488 Gron.
470 2458 508 2489 et
523 2450 811 2499 superioribus.
853 2448 968 2500 Quod
986 2456 1119 2486 autem
1144 2456 1340 2497 repertam
