1718 2919
289 168 369 216 314
575 164 1325 209 ADNOTATIONES

288 268 382 309 αὐτοὶ
402 273 570 319 Περσῶν
593 288 764 320 προγονι
779 272 833 310 καὶ
853 272 1043 316 κτέμκταε
1063 288 1137 312 esse
1157 277 1251 312 enim
1269 276 1461 313 Persarum
1482 277 1584 322 here·

286 327 441 363 <linarias
461 334 568 378 atque
586 342 610 364 a
632 328 823 365 maioribus
847 336 1013 381 acceptas
1030 333 1274 379 possessiones
1289 360 1299 376 ‚
1320 329 1363 367 in
1385 331 1591 369 Herodiani

286 381 362 418 lib.
385 383 449 418 VI.
472 383 507 419 3.
552 383 783 420 Proximum
813 386 870 421 καὶ
897 383 937 422 ‘ro'
965 385 1092 428 τέμενος
1122 384 1270 433 ἔσπειρε,
1302 381 1391 436 [lin.
1414 398 1461 423 20
1484 387 1584 437 seq.]

275 434 478 487 sanumque
508 440 615 484 sevit,
638 438 847 475 obscurius
867 450 1047 482 versum3
1082 439 1161 476 nisi
1185 440 1345 486 fanum,
1369 444 1484 478 locum
1498 443 1589 491 effa-

285 498 361 529 tum
384 496 513 542 templo
533 500 567 530 et
587 500 770 531 sacratum
793 494 1037 531 Laurentius
1065 496 1159 532 Livii
1184 507 1293 532 more
1312 501 1350 532 et
1372 496 1438 533 hic
1465 495 1588 533 intel-

285 548 445 586 lexerit.
485 549 679 592 τέμενος,
701 562 792 599 ager·
811 556 965 586 exemtus
991 556 1025 586 et
1053 557 1282 587 consecratus
1313 550 1426 588 iuxta
1456 552 1587 588 Prote-

284 602 377 639 silai
398 604 683 655 sepulchrum„
711 603 831 641 sicuti
850 606 989 642 Noster
1009 604 1052 640 in
1072 605 1410 653 praecedentibus.
1443 607 1587 655 Inpen-

283 657 347 695 dit
366 663 405 695 et
437 659 499 696 his
519 671 679 707 operam
705 659 769 697 Cl.
793 661 960 697 Olearius
993 659 1041 697 ad
1074 661 1293 698 Philostrati
1315 661 1468 698 Heroic.
1492 673 1526 698 c.
1547 675 1586 699 2.

284 726 327 762 p.
346 714 392 760 67
403 727 455 757 2.;
477 726 618 752 verum
639 714 891 760 istiusmodi,
909 720 955 752 ut
973 721 1110 753 noceat
1129 716 1253 768 magis
1267 743 1277 762 ‚
1305 729 1427 765 quam
1445 716 1585 765 prosit.

283 771 341 808 W
353 770 467 808 ESS.

342 833 406 870 24.
437 822 640 868 οἷΦύκτ-ως
676 822 709 862 δέ
733 841 796 869 κως
821 825 918 874 αὐτῷ
947 821 1135 876 ἐπέπεσον)
1165 825 1292 863 Litem
1320 825 1475 874 primae
1496 828 1583 866 voci

283 880 444 916 schedae
475 885 648 917 movent.
692 879 797 929 Age,
833 880 1080 918 intueamur.
1118 881 1288 921 ’Άῶυκτον
1315 894 1455 928 omne,
1488 885 1583 933 quod

281 936 409 972 evitari
430 937 563 985 quitum
584 950 657 972 non
679 942 746 972 est.
768 933 938 979 ’Άφυκτος
957 934 1108 979 Solum-05·
1126 937 1322 981 Simonidi,
1348 936 1391 972 in
1421 939 1579 976 Consol.

281 991 329 1026 ad
353 992 544 1039 Apollon.
564 992 754 1028 Plutarchi
776 1003 814 1039 p.
839 1004 926 1036 107.
945 1005 979 1027 B·
994 1017 1004 1035 ,
1026 989 1177 1034 ἄφυκτος
1193 989 1328 1033 οἱνοέγκη
1345 992 1582 1042 Philosopho

280 1045 329 1081 de
349 1047 586 1096 Pythagorae
609 1047 740 1083 schola
760 1046 867 1094 apud
893 1046 1081 1083 stobaeum
1108 1047 1237 1095 Eclog.
1259 1046 1369 1095 Phys.
1391 1060 1430 1096 p.
1458 1050 1515 1092 8.,
1538 1048 1581 1087 τέ

281 1103 485 1148 πεπρωμένον
518 1100 668 1144 ἄφυκτον
698 1102 919 1150 Alciphroni
950 1101 1022 1137 lib.
1040 1103 1068 1137 I.
1099 1101 1224 1149 Epist.
1251 1102 1314 1138 25.
1344 1102 1416 1139 Sed
1438 1103 1581 1152 Artay·

280 1162 357 1192 ctes
371 1183 380 1201 ,
409 1157 525 1193 modo
546 1155 708 1204 provide
729 1163 768 1193 et
786 1158 968 1193 consulto
996 1155 1153 1205 egisset,
1171 1162 1244 1193 aut
1262 1157 1389 1194 vitare
1408 1158 1582 1196 obsidio-

281 1222 372 1248 nem
388 1238 398 1256 ,
426 1217 498 1249 aut
526 1211 720 1259 adparatu
741 1211 789 1248 ad
821 1224 907 1248 eam
930 1211 1177 1247 tolerandam
1202 1224 1280 1248 sese
1307 1219 1491 1260 potuerat
1515 1214 1579 1250 in-

278 1273 446 1303 struere.
474 1270 675 1304 Neutrum
708 1267 950 1307 observavit;
986 1266 1091 1302 unde
1114 1272 1157 1303 ej:
1178 1269 1380 1316 inproviso,
1403 1269 1463 1305 uti
1479 1272 1577 1307 Vol.-

279 1325 335 1366 la,
356 1320 603 1369 οὲφυλοέκτῳ
623 1320 720 1370 (non
740 1320 964 1370 α’ῷυλοέκτως)
985 1323 1241 1358 membranae
1253 1324 1371 1360 Arch.
1396 1329 1435 1361 et
1455 1327 1577 1370 Vina„

278 1382 612 1425 supervenerunt.
642 1377 786 1414 Simile
805 1378 982 1428 Polyaeni
1003 1379 1107 1413 VIII.
1131 1377 1193 1413 36.
1215 1378 1375 1415 ἐπιθέσθαι
1394 1382 1460 1422 τοῖς
1478 1391 1577 1418 πολε-

277 1433 417 1475 μίως·-
439 1430 624 1471 κκθεύὲουσι
645 1434 702 1470 καὶ
721 1431 745 1470 α’
758 1441 783 1476 Φ
796 1430 907 1469 undu
921 1448 1018 1475 τοις.
1048 1433 1237 1469 Plutarchi
1257 1435 1299 1469 T.
1316 1434 1364 1470 II.
1378 1447 1416 1482 p.
1439 1436 1528 1472 262.
1542 1449 1575 1472 c.

278 1489 335 1524 κοιῖ
370 1486 427 1525 τᾶν
463 1484 694 1536 Ἀριστόδημον
727 1485 851 1526 ἄοπλεν
890 1490 948 1524 καὶ
989 1485 1267 1530 ἀφύλακτον
1301 1488 1575 1536 παρεισπεσόντες

277 1538 502 1590 διαφθείρουτι.
543 1544 748 1579 Herodiani
770 1544 837 1579 VI.
861 1542 897 1578 5.
925 1539 1007 1579 εἴτ-ω
1032 1540 1097 1590 γεέρ
1129 1539 1206 1591 ᾤετο
1224 1565 1239 1572 -
1259 1566 1274 1573 -
1293 1541 1575 1588 α’Φυλοέκτ-ως

278 1599 335 1635 καὶ
371 1596 571 1646 α’προόπτως
605 1596 716 1640 αὐτοῖς
741 1595 980 1635 ἐπελεύσεσθαι.
1022 1598 1133 1646 Quae
1162 1602 1305 1634 cuncta
1333 1603 1380 1634 ut
1408 1599 1574 1636 vetustis

276 1651 396 1689 libris
412 1653 523 1701 paria
543 1652 707 1697 faciam,
726 1665 747 1689 a
766 1664 829 1688 me
845 1651 1073 1700 inpetrant:
1091 1651 1172 1689 alia
1193 1652 1368 1701 opinatis
1383 1654 1574 1701 praescri-

275 1706 391 1743 bitur
415 1708 537 1744 nihil.
571 1708 748 1746 WESS.
780 1729 830 1734 —
873 1709 998 1744 Habet
1017 1707 1138 1743 etiam
1161 1706 1370 1751 τὶῶυλοῖκτως
1392 1705 1571 1748 ’διοικεῖσθαι

274 1763 445 1813 Ροζγῦὶιιε
467 1765 536 1801 IV.
550 1763 597 1799 36
611 1790 621 1807 ,
643 1771 679 1808 4.
708 1762 894 1811 Denique
915 1768 1077 1811 perapta
1099 1762 1242 1810 utique
1258 1763 1354 1799 huic
1371 1763 1456 1800 loco
1475 1765 1572 1801 scri-

276 1823 395 1867 ptura
423 1816 615 1867 οἷῶυλοέκτῳ
647 1818 775 1855 videri
797 1824 961 1866 poterat.
1005 1817 1117 1866 Quod
1140 1816 1172 1854 si
1200 1824 1334 1854 tamen
1358 1819 1570 1869 vulgatum

273 1874 374 1910 olim
395 1872 557 1917 α’φύκτως
575 1879 697 1921 posset
710 1873 893 1918 defendi,
916 1873 958 1909 in
979 1874 1147 1910 alteram
1169 1873 1412 1921 scripturam
1433 1874 1569 1912 eadem

274 1942 415 1966 rursus
433 1928 606 1977 suspicio
632 1929 809 1973 caderet,
837 1941 916 1977 qua
938 1928 1039 1965 alias
1058 1928 1241 1965 codicum
1261 1930 1380 1965 Arch.
1396 1934 1436 1965 et
1458 1931 1568 1967 Vind.

273 1984 499 2031 quamlibet
522 1983 711 2032 speciosas
738 1983 925 2020 lectiones
957 1983 1085 2033 premi
1113 1983 1228 2020 modo
1260 1984 1567 2022 observavimus.

271 2041 321 2076 Et
348 2039 495 2087 quidni
530 2038 636 2076 tueri
656 2039 790 2076 locum
820 2051 940 2075 suum
968 2037 1130 2081 οέῶύκτως
1157 2038 1304 2087 possit?
1335 2041 1424 2076 Non
1452 2040 1568 2089 equi-

271 2094 360 2130 dem
381 2094 429 2131 ad
453 2095 630 2145 Hesychii
650 2094 929 2131 auctoritatem
952 2095 1190 2142 provocabo,
1210 2093 1344 2142 ipsum
1365 2094 1437 2131 hoc
1455 2108 1568 2132 voca-

270 2150 418 2186 bulum
439 2148 483 2184 in
504 2149 643 2186 Lexico
663 2162 734 2185 suo
754 2148 1024 2185 illustrantis:
1054 2152 1169 2191 nam,
1198 2161 1302 2197 quae
1326 2149 1385 2185 ibi
1413 2150 1566 2189 adiecta

270 2210 326 2241 est
346 2204 625 2252 interpretatio
646 2204 912 2248 οένεξαλείπτως,
941 2202 1035 2240 satis
1060 2203 1232 2240 ostendit
1253 2217 1332 2241 non
1362 2205 1421 2240 ibi
1447 2207 1566 2243 Hero-

270 2261 346 2296 doti
369 2260 477 2296 hunc
497 2260 631 2296 locum
655 2258 866 2308 respexisse
882 2258 1234 2308 Lexicographum.
1265 2259 1359 2305 Sed,
1379 2260 1565 2309 quamvis

269 2314 396 2361 alibi,
423 2315 456 2351 si
485 2315 536 2350 ab
567 2315 638 2351 hoc
666 2314 800 2352 Nostri
821 2315 908 2351 loco
932 2313 1127 2359 discedas,
1154 2314 1222 2350 vix
1252 2327 1420 2362 usquam
1447 2315 1564 2352 hodie

268 2369 503 2407 adverbium
522 2368 683 2412 οέφύκτως
704 2368 952 2417 reperiatur,
983 2374 1112 2405 tamen
1128 2395 1137 2411 ,
1167 2375 1213 2407 ut
1237 2367 1387 2412 ἄφυκτον
1411 2371 1566 2408 dicitur

268 2427 361 2476 quod
392 2427 545 2479 zffilgffl'e
572 2439 671 2462 nemo
697 2431 841 2474 potest,
874 2424 930 2462 sic
958 2423 1065 2461 nihil
1099 2423 1291 2472 impedit,
1322 2438 1403 2473 quo
1429 2426 1566 2468 minus
