<?xml version="1.0" encoding="UTF-8"?>
<!DOCTYPE html PUBLIC "-//W3C//DTD XHTML 1.0 Transitional//EN"
    "http://www.w3.org/TR/xhtml1/DTD/xhtml1-transitional.dtd">
<html xmlns="http://www.w3.org/1999/xhtml" xml:lang="en" lang="en">
 <head>
  <title>
</title>
<meta http-equiv="Content-Type" content="text/html;charset=utf-8" />
  <meta name='ocr-system' content='tesseract 3.04.00' />
  <meta name='ocr-capabilities' content='ocr_page ocr_carea ocr_par ocr_line ocrx_word'/>
</head>
<body>
  <div class='ocr_page' id='page_1' title='image "./musaesivehistori06hero_0144.png"; bbox 0 0 1718 2919; ppageno 0'>
   <div class='ocr_carea' id='block_1_1' title="bbox 282 214 1470 273">
    <p class='ocr_par' dir='ltr' id='par_1_1' title="bbox 282 214 1470 273">
     <span class='ocr_line' id='line_1_1' title="bbox 282 214 1470 273; baseline -0.003 -12"><span class='ocrx_word' id='word_1_1' title='bbox 282 222 366 270; x_wconf 66' lang='lat' dir='ltr'><strong>v134</strong></span> <span class='ocrx_word' id='word_1_2' title='bbox 435 215 770 273; x_wconf 78' lang='lat' dir='ltr'>ApNOTAT.</span> <span class='ocrx_word' id='word_1_3' title='bbox 800 214 886 254; x_wconf 82' lang='lat' dir='ltr'><strong>An</strong></span> <span class='ocrx_word' id='word_1_4' title='bbox 919 214 1261 255; x_wconf 79' lang='lat' dir='ltr'><strong>HERonoT.</strong></span> <span class='ocrx_word' id='word_1_5' title='bbox 1292 216 1345 257; x_wconf 88' lang='lat' dir='ltr'><strong>v.</strong></span> <span class='ocrx_word' id='word_1_6' title='bbox 1379 218 1470 257; x_wconf 67' lang='grc' dir='ltr'><strong>ηε.</strong></span> 
     </span>
    </p>
   </div>
   <div class='ocr_carea' id='block_1_2' title="bbox 240 318 1597 1137">
    <p class='ocr_par' dir='ltr' id='par_1_2' title="bbox 240 318 1597 1137">
     <span class='ocr_line' id='line_1_2' title="bbox 283 318 1593 371; baseline -0.002 -9"><span class='ocrx_word' id='word_1_7' title='bbox 283 318 423 363; x_wconf 64' lang='lat' dir='ltr'><strong>Novem</strong></span> <span class='ocrx_word' id='word_1_8' title='bbox 439 326 537 368; x_wconf 79' lang='lat' dir='ltr'><strong>vias,</strong></span> <span class='ocrx_word' id='word_1_9' title='bbox 555 323 598 359; x_wconf 88' lang='lat' dir='ltr'><strong>in</strong></span> <span class='ocrx_word' id='word_1_10' title='bbox 617 333 793 371; x_wconf 86' lang='lat' dir='ltr'><strong>quarum</strong></span> <span class='ocrx_word' id='word_1_11' title='bbox 812 320 963 357; x_wconf 87' lang='lat' dir='ltr'><strong>vicinia</strong></span> <span class='ocrx_word' id='word_1_12' title='bbox 985 321 1128 358; x_wconf 85' lang='lat' dir='ltr'><strong>deinde</strong></span> <span class='ocrx_word' id='word_1_13' title='bbox 1152 322 1381 371; x_wconf 81' lang='lat' dir='ltr'><em>Amphipolis</em></span> <span class='ocrx_word' id='word_1_14' title='bbox 1401 324 1451 358; x_wconf 88' lang='lat' dir='ltr'><strong>ab</strong></span> <span class='ocrx_word' id='word_1_15' title='bbox 1467 321 1593 359; x_wconf 78' lang='lat' dir='ltr'><strong>Athe-</strong></span> 
     </span>
     <span class='ocr_line' id='line_1_3' title="bbox 282 377 1593 427; baseline -0.002 -11"><span class='ocrx_word' id='word_1_16' title='bbox 282 379 494 416; x_wconf 85' lang='lat' dir='ltr'><strong>niensibus</strong></span> <span class='ocrx_word' id='word_1_17' title='bbox 522 377 704 421; x_wconf 71' lang='lat' dir='ltr'><strong>condita,</strong></span> <span class='ocrx_word' id='word_1_18' title='bbox 735 383 773 413; x_wconf 87' lang='lat' dir='ltr'><strong>et</strong></span> <span class='ocrx_word' id='word_1_19' title='bbox 801 391 928 413; x_wconf 81' lang='lat' dir='ltr'><strong>xxxu.</strong></span> <span class='ocrx_word' id='word_1_20' title='bbox 951 378 1117 424; x_wconf 71' lang='lat' dir='ltr'><strong>quidem</strong></span> <span class='ocrx_word' id='word_1_21' title='bbox 1140 378 1256 413; x_wconf 68' lang='lat' dir='ltr'><strong>annis</strong></span> <span class='ocrx_word' id='word_1_22' title='bbox 1277 384 1362 425; x_wconf 79' lang='lat' dir='ltr'><strong>post</strong></span> <span class='ocrx_word' id='word_1_23' title='bbox 1388 377 1593 427; x_wconf 80' lang='lat' dir='ltr'><strong>Aristago-</strong></span> 
     </span>
     <span class='ocr_line' id='line_1_4' title="bbox 284 432 1591 482; baseline -0.005 -9"><span class='ocrx_word' id='word_1_24' title='bbox 284 446 353 473; x_wconf 80' lang='lat' dir='ltr'><strong>rae</strong></span> <span class='ocrx_word' id='word_1_25' title='bbox 372 433 524 471; x_wconf 88' lang='lat' dir='ltr'>cladem</span> <span class='ocrx_word' id='word_1_26' title='bbox 541 460 550 478; x_wconf 82' lang='grc'>,</span> <span class='ocrx_word' id='word_1_27' title='bbox 578 432 733 482; x_wconf 83' lang='lat' dir='ltr'><strong>egregio</strong></span> <span class='ocrx_word' id='word_1_28' title='bbox 758 439 920 468; x_wconf 86' lang='lat' dir='ltr'><strong>auctore</strong></span> <span class='ocrx_word' id='word_1_29' title='bbox 942 433 1154 482; x_wconf 72' lang='lat' dir='ltr'><strong>&#39;l&#39;nuqydide</strong></span> <span class='ocrx_word' id='word_1_30' title='bbox 1179 432 1250 467; x_wconf 81' lang='lat' dir='ltr'><strong>lib.</strong></span> <span class='ocrx_word' id='word_1_31' title='bbox 1271 433 1340 469; x_wconf 74' lang='lat' dir='ltr'><strong>lv.</strong></span> <span class='ocrx_word' id='word_1_32' title='bbox 1366 446 1453 470; x_wconf 73' lang='lat'>102.</span> <span class='ocrx_word' id='word_1_33' title='bbox 1482 433 1591 469; x_wconf 80' lang='lat' dir='ltr'><strong>Atti-</strong></span> 
     </span>
     <span class='ocr_line' id='line_1_5' title="bbox 288 487 1596 536; baseline -0.003 -10"><span class='ocrx_word' id='word_1_34' title='bbox 288 501 354 526; x_wconf 87' lang='lat' dir='ltr'><strong>cae</strong></span> <span class='ocrx_word' id='word_1_35' title='bbox 372 488 552 526; x_wconf 82' lang='lat' dir='ltr'><strong>coloniae</strong></span> <span class='ocrx_word' id='word_1_36' title='bbox 576 496 733 536; x_wconf 82' lang='lat' dir='ltr'><strong>teinpus</strong></span> <span class='ocrx_word' id='word_1_37' title='bbox 762 487 805 523; x_wconf 89' lang='lat' dir='ltr'><strong>in</strong></span> <span class='ocrx_word' id='word_1_38' title='bbox 829 488 992 535; x_wconf 72' lang='lat' dir='ltr'><strong>Olymp.</strong></span> <span class='ocrx_word' id='word_1_39' title='bbox 1018 500 1161 524; x_wconf 55' lang='lat' dir='ltr'>mxx-11.</span> <span class='ocrx_word' id='word_1_40' title='bbox 1192 493 1264 523; x_wconf 84' lang='lat' dir='ltr'><strong>aut</strong></span> <span class='ocrx_word' id='word_1_41' title='bbox 1288 488 1489 536; x_wconf 85' lang='lat' dir='ltr'><strong>sequentis</strong></span> <span class='ocrx_word' id='word_1_42' title='bbox 1513 487 1596 523; x_wconf 87' lang='lat' dir='ltr'><strong>ini-</strong></span> 
     </span>
     <span class='ocr_line' id='line_1_6' title="bbox 288 542 1593 592; baseline -0.002 -11"><span class='ocrx_word' id='word_1_43' title='bbox 288 545 395 582; x_wconf 83' lang='lat' dir='ltr'><strong>tium</strong></span> <span class='ocrx_word' id='word_1_44' title='bbox 425 544 626 587; x_wconf 75' lang='lat' dir='ltr'>incurrit,</span> <span class='ocrx_word' id='word_1_45' title='bbox 664 542 759 578; x_wconf 89' lang='lat' dir='ltr'><strong>hinc</strong></span> <span class='ocrx_word' id='word_1_46' title='bbox 791 542 1047 591; x_wconf 68' lang='lat' dir='ltr'><strong>Aristagorae</strong></span> <span class='ocrx_word' id='word_1_47' title='bbox 1076 548 1115 578; x_wconf 89' lang='lat' dir='ltr'><strong>et</strong></span> <span class='ocrx_word' id='word_1_48' title='bbox 1145 542 1341 579; x_wconf 86' lang='lat' dir='ltr'><strong>comitum</strong></span> <span class='ocrx_word' id='word_1_49' title='bbox 1372 550 1517 592; x_wconf 78' lang='lat' dir='ltr'><strong>strages</strong></span> <span class='ocrx_word' id='word_1_50' title='bbox 1548 543 1593 578; x_wconf 91' lang='lat' dir='ltr'><strong>in</strong></span> 
     </span>
     <span class='ocr_line' id='line_1_7' title="bbox 240 598 1595 648; baseline -0.001 -11"><span class='ocrx_word' id='word_1_51' title='bbox 240 611 243 613; x_wconf 85' lang='lat'>·</span> <span class='ocrx_word' id='word_1_52' title='bbox 287 600 452 648; x_wconf 89' lang='lat' dir='ltr'><strong>Olymp.</strong></span> <span class='ocrx_word' id='word_1_53' title='bbox 472 614 556 637; x_wconf 76' lang='lat' dir='ltr'>Lxx.</span> <span class='ocrx_word' id='word_1_54' title='bbox 588 598 737 636; x_wconf 85' lang='lat' dir='ltr'>Confer</span> <span class='ocrx_word' id='word_1_55' title='bbox 755 599 910 635; x_wconf 84' lang='lat' dir='ltr'><strong>Diodor.</strong></span> <span class='ocrx_word' id='word_1_56' title='bbox 931 599 1015 634; x_wconf 82' lang='lat' dir='ltr'><strong>XII.</strong></span> <span class='ocrx_word' id='word_1_57' title='bbox 1039 599 1101 634; x_wconf 75' lang='lat'><strong>68.</strong></span> <span class='ocrx_word' id='word_1_58' title='bbox 1131 603 1169 633; x_wconf 89' lang='lat' dir='ltr'><strong>et</strong></span> <span class='ocrx_word' id='word_1_59' title='bbox 1188 599 1254 634; x_wconf 84' lang='lat' dir='ltr'><strong>Ed.</strong></span> <span class='ocrx_word' id='word_1_60' title='bbox 1280 599 1468 635; x_wconf 82' lang='lat' dir='ltr'><strong>Corsinum</strong></span> <span class='ocrx_word' id='word_1_61' title='bbox 1496 599 1595 635; x_wconf 84' lang='lat' dir='ltr'><strong>Fast.</strong></span> 
     </span>
     <span class='ocr_line' id='line_1_8' title="bbox 286 653 1595 706; baseline -0.003 -15"><span class='ocrx_word' id='word_1_62' title='bbox 286 667 373 706; x_wconf 85' lang='lat' dir='ltr'>pag.</span> <span class='ocrx_word' id='word_1_63' title='bbox 405 656 493 700; x_wconf 72' lang='lat'><strong>184.</strong></span> <span class='ocrx_word' id='word_1_64' title='bbox 520 656 624 691; x_wconf 89' lang='lat' dir='ltr'><strong>Tomi</strong></span> <span class='ocrx_word' id='word_1_65' title='bbox 651 655 728 690; x_wconf 76' lang='lat' dir='ltr'><strong>III.v</strong></span> <span class='ocrx_word' id='word_1_66' title='bbox 748 653 863 702; x_wconf 88' lang='lat' dir='ltr'><strong>Quod</strong></span> <span class='ocrx_word' id='word_1_67' title='bbox 890 653 1068 698; x_wconf 70' lang='lat' dir='ltr'><strong>accedet,</strong></span> <span class='ocrx_word' id='word_1_68' title='bbox 1098 655 1287 689; x_wconf 83' lang='lat' dir='ltr'><strong>Laurentii</strong></span> <span class='ocrx_word' id='word_1_69' title='bbox 1315 655 1446 689; x_wconf 83' lang='lat' dir='ltr'><strong>Vallae</strong></span> <span class='ocrx_word' id='word_1_70' title='bbox 1474 653 1595 689; x_wconf 85' lang='lat' dir='ltr'><strong>meri..</strong></span> 
     </span>
     <span class='ocr_line' id='line_1_9' title="bbox 283 704 1594 759; baseline -0.002 -12"><span class='ocrx_word' id='word_1_71' title='bbox 283 710 339 747; x_wconf 76' lang='lat' dir='ltr'><strong>tis</strong></span> <span class='ocrx_word' id='word_1_72' title='bbox 364 710 578 747; x_wconf 86' lang='lat' dir='ltr'><strong>locabitur.</strong></span> <span class='ocrx_word' id='word_1_73' title='bbox 618 712 845 746; x_wconf 84' lang='lat' dir='ltr'><strong>Accusatur</strong></span> <span class='ocrx_word' id='word_1_74' title='bbox 869 704 1016 759; x_wconf 79' lang='lat' dir='ltr'><strong>[Valla</strong></span> <span class='ocrx_word' id='word_1_75' title='bbox 1045 709 1095 744; x_wconf 87' lang='lat' dir='ltr'><strong>ab</strong></span> <span class='ocrx_word' id='word_1_76' title='bbox 1124 710 1174 745; x_wconf 90' lang='lat' dir='ltr'><strong>H.</strong></span> <span class='ocrx_word' id='word_1_77' title='bbox 1201 705 1414 758; x_wconf 69' lang='lat' dir='ltr'><strong>Stephano]</strong></span> <span class='ocrx_word' id='word_1_78' title='bbox 1445 709 1494 744; x_wconf 90' lang='lat' dir='ltr'><strong>oh</strong></span> <span class='ocrx_word' id='word_1_79' title='bbox 1519 710 1594 746; x_wconf 81' lang='lat' dir='ltr'><strong>Mi-</strong></span> 
     </span>
     <span class='ocr_line' id='line_1_10' title="bbox 287 763 1594 811; baseline -0.002 -8"><span class='ocrx_word' id='word_1_80' title='bbox 287 769 396 803; x_wconf 85' lang='lat' dir='ltr'><strong>letum</strong></span> <span class='ocrx_word' id='word_1_81' title='bbox 413 766 456 801; x_wconf 89' lang='lat' dir='ltr'><strong>in</strong></span> <span class='ocrx_word' id='word_1_82' title='bbox 477 765 600 801; x_wconf 82' lang='lat' dir='ltr'><strong>virile</strong></span> <span class='ocrx_word' id='word_1_83' title='bbox 620 776 766 801; x_wconf 84' lang='lat' dir='ltr'><strong>nomen</strong></span> <span class='ocrx_word' id='word_1_84' title='bbox 787 776 1036 800; x_wconf 79' lang='lat' dir='ltr'><strong>conversam:</strong></span> <span class='ocrx_word' id='word_1_85' title='bbox 1057 763 1160 800; x_wconf 89' lang='lat' dir='ltr'><strong>mihi</strong></span> <span class='ocrx_word' id='word_1_86' title='bbox 1182 763 1416 800; x_wconf 82' lang='lat' dir='ltr'><strong>criminatio</strong></span> <span class='ocrx_word' id='word_1_87' title='bbox 1435 775 1594 811; x_wconf 86' lang='lat' dir='ltr'><strong>anceps.</strong></span> 
     </span>
     <span class='ocr_line' id='line_1_11' title="bbox 283 818 1592 867; baseline -0.004 -8"><span class='ocrx_word' id='word_1_88' title='bbox 283 823 381 859; x_wconf 82' lang='lat' dir='ltr'><strong>Ecce</strong></span> <span class='ocrx_word' id='word_1_89' title='bbox 401 820 477 857; x_wconf 91' lang='lat' dir='ltr'><strong>tibi</strong></span> <span class='ocrx_word' id='word_1_90' title='bbox 497 820 585 857; x_wconf 84' lang='lat' dir='ltr'><strong>eius</strong></span> <span class='ocrx_word' id='word_1_91' title='bbox 604 819 744 857; x_wconf 83' lang='lat' dir='ltr'><strong>Latina</strong></span> <span class='ocrx_word' id='word_1_92' title='bbox 771 830 817 855; x_wconf 80' lang='lat' dir='ltr'><strong>ex</strong></span> <span class='ocrx_word' id='word_1_93' title='bbox 846 818 1032 867; x_wconf 87' lang='lat' dir='ltr'><strong>principe</strong></span> <span class='ocrx_word' id='word_1_94' title='bbox 1059 818 1259 855; x_wconf 87' lang='lat' dir='ltr'><strong>editione:</strong></span> <span class='ocrx_word' id='word_1_95' title='bbox 1287 821 1383 855; x_wconf 81' lang='lat' dir='ltr'><strong>cuius</strong></span> <span class='ocrx_word' id='word_1_96' title='bbox 1411 821 1592 855; x_wconf 75' lang='lat' dir='ltr'><strong>sententia</strong></span> 
     </span>
     <span class='ocr_line' id='line_1_12' title="bbox 279 875 1593 927; baseline -0.002 -14"><span class='ocrx_word' id='word_1_97' title='bbox 279 878 473 927; x_wconf 79' lang='lat' dir='ltr'><strong>Praecipue</strong></span> <span class='ocrx_word' id='word_1_98' title='bbox 500 883 580 912; x_wconf 76' lang='lat' dir='ltr'><strong>erat</strong></span> <span class='ocrx_word' id='word_1_99' title='bbox 609 876 761 912; x_wconf 79' lang='lat' dir='ltr'><strong>abeundi</strong></span> <span class='ocrx_word' id='word_1_100' title='bbox 791 877 831 911; x_wconf 84' lang='lat' dir='ltr'><strong>in</strong></span> <span class='ocrx_word' id='word_1_101' title='bbox 857 876 1088 926; x_wconf 67' lang='lat' dir='ltr'><strong>Myreimm,</strong></span> <span class='ocrx_word' id='word_1_102' title='bbox 1122 875 1341 911; x_wconf 81' lang='lat' dir='ltr'><strong>demandata</strong></span> <span class='ocrx_word' id='word_1_103' title='bbox 1365 876 1490 911; x_wconf 76' lang='lat' dir='ltr'><strong>Mileto</strong></span> <span class='ocrx_word' id='word_1_104' title='bbox 1517 875 1593 924; x_wconf 87' lang='lat' dir='ltr'><strong>Py-</strong></span> 
     </span>
     <span class='ocr_line' id='line_1_13' title="bbox 284 930 1597 982; baseline -0.002 -14"><span class='ocrx_word' id='word_1_105' title='bbox 284 933 468 982; x_wconf 81' lang='lat' dir='ltr'><strong>thagorae</strong></span> <span class='ocrx_word' id='word_1_106' title='bbox 485 933 566 968; x_wconf 80' lang='lat' dir='ltr'><strong>viro</strong></span> <span class='ocrx_word' id='word_1_107' title='bbox 582 933 677 967; x_wconf 83' lang='lat' dir='ltr'><strong>inter</strong></span> <span class='ocrx_word' id='word_1_108' title='bbox 694 933 888 980; x_wconf 76' lang='lat' dir='ltr'><strong>populares</strong></span> <span class='ocrx_word' id='word_1_109' title='bbox 908 930 1064 978; x_wconf 81' lang='lat' dir='ltr'><strong>probato</strong></span> <span class='ocrx_word' id='word_1_110' title='bbox 1085 936 1326 978; x_wconf 81' lang='lat' dir='ltr'><strong>procuratore</strong></span> <span class='ocrx_word' id='word_1_111' title='bbox 1346 931 1478 965; x_wconf 84' lang='lat' dir='ltr'><strong>Mileti.</strong></span> <span class='ocrx_word' id='word_1_112' title='bbox 1507 930 1597 965; x_wconf 88' lang='lat' dir='ltr'><strong>Au-</strong></span> 
     </span>
     <span class='ocr_line' id='line_1_14' title="bbox 285 983 1595 1034; baseline -0.003 -11"><span class='ocrx_word' id='word_1_113' title='bbox 285 987 348 1024; x_wconf 79' lang='lat' dir='ltr'><strong>ser</strong></span> <span class='ocrx_word' id='word_1_114' title='bbox 371 987 466 1023; x_wconf 85' lang='lat' dir='ltr'><strong>inde</strong></span> <span class='ocrx_word' id='word_1_115' title='bbox 498 986 579 1023; x_wconf 92' lang='lat' dir='ltr'><strong>duo</strong></span> <span class='ocrx_word' id='word_1_116' title='bbox 609 992 806 1034; x_wconf 83' lang='lat' dir='ltr'><strong>postrema</strong></span> <span class='ocrx_word' id='word_1_117' title='bbox 823 1012 833 1029; x_wconf 74' lang='lat'>‚</span> <span class='ocrx_word' id='word_1_118' title='bbox 857 996 959 1034; x_wconf 86' lang='lat' dir='ltr'><strong>quae</strong></span> <span class='ocrx_word' id='word_1_119' title='bbox 993 986 1124 1021; x_wconf 84' lang='lat' dir='ltr'><strong>Vallae</strong></span> <span class='ocrx_word' id='word_1_120' title='bbox 1147 997 1228 1021; x_wconf 91' lang='lat' dir='ltr'><strong>non</strong></span> <span class='ocrx_word' id='word_1_121' title='bbox 1256 984 1471 1029; x_wconf 82' lang='lat' dir='ltr'><strong>videntur,</strong></span> <span class='ocrx_word' id='word_1_122' title='bbox 1501 983 1595 1033; x_wconf 85' lang='lat' dir='ltr'><strong>quis</strong></span> 
     </span>
     <span class='ocr_line' id='line_1_15' title="bbox 287 1038 1596 1090; baseline -0.003 -11"><span class='ocrx_word' id='word_1_123' title='bbox 287 1043 398 1079; x_wconf 87' lang='lat' dir='ltr'><strong>color</strong></span> <span class='ocrx_word' id='word_1_124' title='bbox 418 1042 662 1079; x_wconf 83' lang='lat' dir='ltr'><strong>accusationi</strong></span> <span class='ocrx_word' id='word_1_125' title='bbox 681 1048 696 1078; x_wconf 71' lang='grc' dir='ltr'><em>Ρ</em></span> <span class='ocrx_word' id='word_1_126' title='bbox 715 1043 842 1078; x_wconf 91' lang='lat' dir='ltr'><strong>Immo</strong></span> <span class='ocrx_word' id='word_1_127' title='bbox 862 1052 955 1077; x_wconf 86' lang='lat' dir='ltr'><strong>vero</strong></span> <span class='ocrx_word' id='word_1_128' title='bbox 974 1046 1020 1076; x_wconf 90' lang='lat' dir='ltr'><strong>ut</strong></span> <span class='ocrx_word' id='word_1_129' title='bbox 1042 1040 1160 1076; x_wconf 88' lang='lat' dir='ltr'><strong>isthic</strong></span> <span class='ocrx_word' id='word_1_130' title='bbox 1181 1041 1394 1090; x_wconf 85' lang='lat' dir='ltr'><strong>leguntur,</strong></span> <span class='ocrx_word' id='word_1_131' title='bbox 1415 1038 1596 1088; x_wconf 84' lang='lat' dir='ltr'><strong>liquido-</strong></span> 
     </span>
     <span class='ocr_line' id='line_1_16' title="bbox 287 1095 1389 1137; baseline -0.002 -2"><span class='ocrx_word' id='word_1_132' title='bbox 287 1109 338 1134; x_wconf 84' lang='lat' dir='ltr'><strong>ne</strong></span> <span class='ocrx_word' id='word_1_133' title='bbox 357 1097 563 1135; x_wconf 87' lang='lat' dir='ltr'><strong>declarant</strong></span> <span class='ocrx_word' id='word_1_134' title='bbox 586 1095 924 1133; x_wconf 77' lang='lat' dir='ltr'><strong>insimulantium</strong></span> <span class='ocrx_word' id='word_1_135' title='bbox 951 1095 1180 1132; x_wconf 83' lang='lat' dir='ltr'><strong>actionem?</strong></span> <span class='ocrx_word' id='word_1_136' title='bbox 1216 1095 1389 1137; x_wconf 80' lang='lat' dir='ltr'><strong>WESS.</strong></span> 
     </span>
    </p>
   </div>
  </div>
 </body>
</html>
