1718 2919
271 228 369 267 AD
417 226 823 266 HERODOT.
871 226 1020 267 VIII.
1056 230 1124 279 93.
1154 239 1220 278 94.
1305 229 1377 274 ι67

153 333 189 368 3.
218 333 275 369 καὶ
292 329 541 378 Ἀθηναῖοι)
570 331 716 368 Melius
738 330 813 367 ita:
848 331 966 366 ambo
993 337 1108 367 erant
1130 331 1382 369 Athenienses.

95 388 275 424 Diodorus
292 388 358 424 XI.
385 399 446 431 27.
465 387 596 422 solum
618 388 821 430 Aminiam,
842 386 1017 436 Aeschyli
1035 385 1221 431 fratrem,
1244 386 1382 432 habet,

93 441 241 478 rectius
265 443 437 478 Aelianus
461 444 558 477 Var.
585 444 635 477 V.
660 454 717 491 ¹9·
752 452 845 476 cum
876 446 968 476 nota
998 441 1189 478 Perizonii.
1217 441 1385 488 Ample-

93 508 170 532 xus
187 496 230 532 in
254 495 446 544 proximis
471 508 558 531 sum
586 492 678 545 [lin.
705 492 766 546 5.]
795 492 962 539 ἐπεδίωξε,
992 495 1049 531 rei
1082 496 1382 545 congruentiuS.

95 551 162 588 Sic
180 563 265 598 cap.
290 552 379 588 108.
396 555 435 587 et
459 562 498 586 11
514 563 545 587 1.
570 550 694 588 ἐπείτε
715 559 775 594 σφι
795 546 932 594 ἀπέδοξε
956 548 1038 594 μήτ’
1062 549 1307 588 ἐπιδιώκειν
1330 549 1381 588 ἔτι

94 606 303 654 προσωτέρω,
329 610 401 642 etc.
420 605 600 643 VVESS.

206 657 349 699 CAP.
370 657 555 699 XCIV.
579 672 590 695 1
615 673 711 709 seqq.
735 655 944 701 Ἀδείμαντον
973 655 1003 697 δὲ
1030 658 1087 697 τδν
1108 650 1263 707 Κορίνθιον
1287 657 1382 708 etc.)

93 714 318 751 Herodotum
341 726 407 762 spe
437 714 606 763 praemii
634 715 829 750 deiectum
845 740 854 757 ‚
880 713 986 761 quod
1018 714 1096 750 sibi
1120 714 1385 762 spoponderat

92 769 304 814 Corinthi,
324 770 436 815 haec,
449 769 615 807 mutatis
635 768 859 817 prioribus,
878 768 1097 816 scripsisse,
1114 771 1244 806 Dionis
1261 770 1384 820 Chry-

91 831 183 861 sost.
204 824 400 861 accusatio
429 830 497 861 est.
543 825 758 862 Plutarchus
787 822 923 860 omnia
953 823 1166 873 Scriptoris
1194 823 1385 874 maligni-

92 879 166 915 tati
185 879 432 922 contribuit3
453 879 501 916 de
521 879 698 927 praemio
723 891 801 915 non
824 878 1047 926 inpetrem„
1069 879 1102 916 si
1123 879 1221 915 bene
1242 878 1384 916 memi-

92 932 137 969 ni
151 960 161 979 ‚
182 940 324 972 tacens.
354 935 528 971 Profecto
546 935 588 970 in
611 933 918 972 Corinthiorum
937 939 975 970 et
992 934 1204 970 Adimanti
1227 945 1384 983 praeco-

92 988 164 1024 nio
183 989 307 1025 nimis
327 1001 465 1036 parcae
481 991 616 1026 Musae
634 996 746 1032 sunt3
772 1001 853 1037 qua
875 988 922 1024 de
941 1001 1073 1025 caussa
1089 1015 1099 1034 ,
1125 1002 1204 1025 non
1229 988 1382 1026 divino.

91 1045 194 1080 Haec
212 1049 343 1080 tamen
368 1056 414 1079 ex
443 1045 722 1081 Atheniensium
746 1043 1038 1089 narrationibus5
1066 1044 1241 1092 quibus,
1272 1055 1383 1080 men-

94 1098 165 1134 tiri
187 1097 220 1135 si
246 1098 288 1134 in
309 1096 494 1135 animum
521 1099 761 1144 induxisset,
785 1098 908 1135 totius
927 1098 1112 1135 Graeciae
1129 1099 1234 1135 haud
1260 1111 1382 1147 oppo-

92 1152 233 1189 suisset
251 1166 498 1191 consensum.
518 1154 699 1193 WESS.
718 1173 770 1180 —-
812 1152 918 1190 Vide
946 1154 1012 1189 lin.
1034 1166 1070 1190 2.
1093 1159 1131 1190 et
1150 1156 1217 1190 lin.
1241 1166 1287 1189 22
1309 1168 1382 1203 seq.

91 1208 530 1245 Caeterum-commode
557 1209 761 1245 Larcherus
786 1207 1030 1250 observavit,
1059 1208 1091 1244 si
1111 1207 1271 1246 veritati
1289 1221 1384 1245 con·
1422 1243 1431 1246 .

89 1268 273 1299 sentanea
295 1269 391 1300 esset
410 1265 539 1300 Dionis
564 1262 819 1308 criminatio,
838 1263 1073 1299 Plutarchum
1099 1263 1272 1311 profecto
1299 1276 1379 1299 non

89 1317 465 1364 praetermissurum
488 1318 609 1354 fuisse
625 1322 894 1366 opportunam
919 1317 1014 1353 adeo
1032 1318 1273 1355 occasionem
1295 1323 1381 1355 tur-

90 1384 181 1419 pem
201 1372 318 1409 istam
337 1374 537 1409 maculam
555 1375 744 1410 Herodoto
769 1372 1040 1421 adspergendi.
1068 1371 1113 1410 S.

142 1427 237 1464 Ibid.
265 1424 472 1471 Ἀδείμαντον
491 1426 522 1465 δέ
549 1427 607 1466 τᾶν
634 1429 757 1476 Κορινθ.
785 1425 883 1475 etc.)
913 1428 971 1463 De
999 1428 1199 1464 Corinthiis
1226 1432 1265 1464 et
1288 1429 1382 1465 Adi-

91 1489 214 1519 manto
233 1483 298 1518 hic
323 1487 481 1519 tantum
503 1488 658 1527 narrat,
679 1483 762 1531 quid
787 1482 1024 1518 Athenienses
1050 1483 1229 1527 dixerint5
1260 1487 1380 1531 atque

90 1537 187 1573 huic
206 1537 360 1573 rumori
381 1537 655 1573 testimonium
672 1536 841 1584 opponit
860 1536 1068 1572 universae
1087 1537 1291 1579 Graeciae3
1315 1537 1378 1574 sed

89 1591 164 1627 hoc
193 1591 267 1628 ille
302 1592 579 1628 testimonium
606 1592 719 1629 velut
750 1591 793 1627 in
827 1598 1055 1627 transcursu
1088 1592 1217 1628 tribus
1250 1593 1379 1628 verbis

90 1652 401 1691 commemorat;
425 1647 571 1683 samam
596 1645 765 1683 Athenis
789 1658 963 1694 sparsam
992 1647 1193 1696 eleganter
1219 1653 1380 1683 enarrat

61 1717 63 1719 ·
88 1706 212 1749 atque
228 1701 435 1749 explicate.
477 1701 639 1749 Saepius
666 1701 787 1737 etiam
814 1700 917 1737 alibi
940 1701 1036 1737 talia
1065 1702 1206 1738 scribit
1231 1701 1279 1738 de
1307 1704 1379 1739 Co-

89 1755 282 1800 rinthiis,
312 1768 414 1804 quae
439 1756 751 1793 Atheniensibus
779 1756 909 1792 multo
935 1769 1057 1805 quam
1083 1756 1170 1793 illis
1192 1757 1294 1792 lectu
1321 1757 1381 1793 vi-

89 1810 176 1847 deri
200 1810 414 1847 debuerint
437 1811 690 1848 iucundiora.
719 1813 804 1847 Huc
822 1810 920 1846 adde
941 1813 1070 1848 Dionis
1093 1813 1283 1862 Chry'sost.
1305 1811 1378 1860 qui

89 1866 315 1902 Herodotum
332 1866 610 1903 admirabatur
622 1893 631 1911 ‚
648 1865 924 1902 testimouium
939 1892 949 1910 ‚
968 1866 1012 1902 iu
1032 1867 1214 1903 Corinth.
1232 1880 1270 1914 p.
1287 1867 1380 1910 456.

91 1920 335 1957 Corinthum
364 1924 552 1959 Nostrum
580 1921 732 1958 venisse
755 1919 980 1965 narrantis,
1004 1927 1042 1956 et
1068 1934 1139 1970 pro
1162 1921 1281 1957 laude
1307 1922 1380 1957 Co-

90 1975 258 2011 rinthiis
287 1975 377 2012 iure
409 1976 637 2012 contributa
656 1976 828 2012 voluisse
853 1974 969 2018 μισθδν
1002 1974 1174 2023 ὀίρνυσέάιε
1202 1975 1379 2011 mercede

92 2035 250 2079 negata,
281 2029 538 2073 μετεσκεύασεν,
569 2031 727 2078 inquit,
754 2031 878 2071 ἐκεῖνοι,
912 2027 937 2066 οἳ
962 2028 1083 2073 πάντες
1102 2028 1311 2071 ἐπιστάμεθα
1329 2029 1375 2067 τοὶ

91 2086 161 2132 περὶ
180 2083 237 2124 τήν
257 2088 442 2126 Σαλαμῖνα
460 2088 517 2123 καὶ
545 2085 602 2124 τᾶν
625 2083 849 2127 Ἀδείμαντον.
879 2086 1009 2121 Dionis
1029 2085 1162 2121 locum
1186 2085 1379 2121 adhibue-

91 2145 193 2176 runt
209 2139 317 2177 Clar.
339 2141 466 2176 VVess.
484 2141 605 2176 etiam
628 2140 672 2175 in
699 2140 801 2176 Diss.
820 2140 959 2176 Herod.
981 2152 1020 2187 p.
1045 2153 1057 2175 1
1071 2142 1133 2176 28.
1153 2145 1192 2176 et
1218 2141 1379 2176 Reiskius

90 2193 306 2231 Animadv.
326 2196 371 2230 ΙΙ.
393 2208 430 2242 p.
453 2196 542 2241 527.
581 2197 682 2231 Haec
709 2194 866 2231 tandem
888 2194 1100 2243 exigantur
1122 2195 1311 2231 Plutarchi
1336 2196 1379 2230 T.

91 2249 139 2286 ῙΙ.
159 2261 196 2296 p.
218 2248 307 2284 862.
324 2263 362 2284 1).
389 2247 439 2287 gra
461 2251 567 2291 μέντοι
589 2247 667 2287 δέκα
692 2247 848 2286 τάλανι-οι
870 2246 984 2296 δωρεοὶν
1011 2247 1131 2288 ἔλαβεν
1155 2248 1189 2293 ἐξ
1218 2248 1374 2290 Ἀθηνῶν,

91 2301 226 2340 Ἀνύτου
248 2301 289 2340 ‘ro'
312 2302 481 2347 ’ψήφισμα
512 2302 730 2352 γράψαντος,
758 2302 835 2352 οἷνῆρ
854 2302 1017 2346 Ἀθηναῖος
1040 2303 1076 2341 ου’
1101 2304 1165 2341 τῶν
1185 2314 1379 2350 παρημελη-

94 2358 196 2400 μέναν
221 2357 248 2393 ἔν
268 2357 391 2405 ἱστορίᾳ
406 2361 547 2401 Δι’ὗλλος
571 2357 698 2408 εἴρηκεν.
728 2360 829 2394 Haec
844 2356 877 2393 si
898 2369 988 2394 vera
1007 2363 1123 2403 sunt,
1146 2368 1275 2406 neque
1293 2369 1380 2405 gra-

93 2411 172 2448 tiae
191 2422 262 2447 nec
283 2411 501 2448 simultatis
517 2412 737 2449 Historicus
759 2418 891 2448 noster
908 2412 1072 2462 effugiet
1089 2411 1377 2460 suspicionem:

92 2472 184 2502 nota
198 2471 273 2511 est,
306 2479 429 2515 quam
454 2469 613 2516 ‚primam
641 2482 714 2505 esse
737 2468 912 2506 historiae
936 2469 1048 2517 legem
1073 2466 1215 2504 scribit
1233 2465 1380 2505 Licere
