1718 2919
280 228 377 267 AD
421 228 463 267 H
485 228 520 267 E
543 228 703 267 ROD
726 228 834 268 OT.
875 229 975 270 VII.
1007 230 1098 270 168.
1128 232 1218 289 169.
1333 243 1410 283 419

122 345 224 382 opem
247 332 418 369 Graeciae
435 330 651 379 fhrentibus.
683 328 758 382 [an
780 348 824 370 ex
853 348 915 371 usu
943 336 1029 384 ipsis
1053 342 1142 372 esset
1162 332 1352 381 futurum,
1379 338 1411 373 si

110 400 223 436 *opem
242 384 390 433 ferrent
418 388 602 424 Graeciae.
617 383 746 436 ]Erat
768 389 860 424 haec
878 388 1120 436 Delphicum
1142 390 1271 426 Deum
1297 389 1411 426 adhi-

123 440 312 477 bentibus
347 447 529 478 consueta
565 442 726 490 rogandi
754 443 952 479 formula:
986 444 1012 480 εἷ
1043 445 1243 484 »nemaeum
1280 442 1409 486 ἄμεινον

125 493 238 533 ἔσται’
258 497 284 533 εἷ
303 497 384 544 λῷον
406 498 462 533 καὶ
485 494 613 538 ἄμεινον
632 495 699 537 εἷκε
725 498 772 533 ad
795 510 916 546 qnam
940 497 1014 533 ille
1040 497 1281 546 simpliciter
1310 511 1411 535 non-

110 562 335 598 nunquam
357 551 634 599 respondebat,
662 549 789 594 οἴμεινον
806 551 896 590 εἶναι.
925 554 1045 589 Livius
1063 552 1252 600 expressit
1270 555 1411 591 XXIIJ.

123 619 179 642 xl.
211 607 249 642 δι’
267 609 317 642 ita
338 604 494 653 faxitis,
524 607 703 651 Romani,
729 613 868 643 vestrae
895 621 950 643 res
974 609 1132 644 meliores
1152 605 1411 657 facilioresque

122 667 228 696 erunt
242 689 251 705 ,
284 661 464 710 magisque
483 674 525 696 ex
549 663 726 698 sententia
751 661 949 711 respublica
978 668 1098 698 vestra
1117 661 1214 698 vobis
1229 664 1409 710 procedet.

122 717 171 751 Et
187 717 313 751 XXV.
341 728 401 752 12.
422 717 523 751 Haec
544 717 574 752 si
593 723 686 752 recte
697 713 835 762 faxitis
848 737 893 761 ‚—-
912 737 929 744 -
947 719 1044 764 -fiet
1062 730 1117 753 res
1135 723 1257 753 vestra
1274 719 1410 756 melior.

120 771 232 806 quta
257 771 392 806 Herod.
412 770 547 817 Pythia
569 771 771 818 respondit
799 771 1072 808 Cretensibus:
1103 774 1209 808 Mala
1229 774 1411 821 conqueri.

122 826 228 869 mini,
249 838 269 861 ο
288 827 513 874 insipientes,
530 839 620 875 quae
638 829 912 875 multapropter
926 828 1096 863 auxilium
1113 829 1277 863 Menelao
1295 829 1409 863 latum

121 879 218 915 vobis
239 882 358 916 Minos
387 882 530 916 immisit
545 909 555 925 ‚
573 882 688 917 iratus
709 882 802 930 quod
828 887 899 917 etc.
917 887 1038 930 adque
1055 880 1149 917 adeo
1163 906 1174 926 ‚
1200 880 1259 918 οὔκ
1279 879 1407 924 ἄμεινον

108 931 274 975 ἔσεσθαι,
296 934 419 971 isthoc
438 934 548 971 vobis
562 938 682 978 νκπίοις
701 941 849 972 constet
871 936 1164 984 experimento:
1196 934 1306 972 παθών
1328 932 1359 972 δέ
1373 951 1407 975 τε

122 1003 231 1031 νκπιος
251 987 347 1031 ξ’γιω.
374 992 418 1026 111
439 990 541 1025 hanc
557 1001 625 1038 ego
644 991 879 1027 sententiam
900 991 1113 1027 Herodotea
1132 990 1354 1037 capienda
1343 1003 1408 1026 111-

121 1042 232 1087 dico,
253 1056 355 1091 quae
374 1045 449 1089 sic,
477 1044 641 1092 opinor.
669 1045 815 1094 scripta
838 1045 951 1081 nobis
973 1045 1194 1094 prodibunt
1217 1056 1265 1081 ex
1289 1044 1407 1082 Codi-

122 1097 259 1133 cibus·
283 1092 335 1135 Ὠ
353 1097 478 1141 νῆπιοι,
512 1099 770 1142 ἐπιμέμφεσθε
759 1116 823 1138 οσοε
848 1116 924 1143 υμιν
944 1101 978 1137 ἔκ
997 1116 1061 1137 των
1084 1100 1275 1147 Μενέλεῳ
1302 1115 1405 1142 τιμω-

125 1151 277 1199 ξκμοῖτων
295 1155 405 1196 Μίνως
421 1151 559 1199 ἔπεμψε
577 1156 731 1197 μκνῖων
750 1152 961 1201 δακρύματα.
990 1156 1108 1196 μηνίων
1125 1165 1171 1189 ex
1182 1154 1298 1190 Arch.
1313 1165 1405 1192 eno-

120 1212 249 1243 tatum
268 1213 346 1243 est:
370 1209 515 1256 Μενέλεῳ
536 1209 662 1244 forma
688 1212 829 1247 Nostro
847 1214 904 1245 est
926 1208 1085 1245 usitata:
1108 1208 1156 1244 de
1175 1209 1331 1245 ultione
1347 1209 1404 1245 lo-

120 1261 265 1310 quitur
283 1261 326 1297 in
343 1262 557 1310 proximi33
584 1263 649 1299 hic
667 1262 844 1312 τιμῶρκμοι
868 1269 924 1299 est
940 1262 1107 1306 βοήθημα.
1133 1262 1241 1300 Infra
1257 1276 1290 1301 e.
1314 1276 1399 1310 171.

117 1317 226 1353 hello
243 1317 412 1353 Troiano
431 1329 510 1354 non
534 1318 718 1366 pessimos
739 1318 859 1354 fuisse
887 1318 1009 1354 tradit
1029 1319 1229 1354 Cretenses
1246 1316 1403 1366 τιμωροδς

118 1373 278 1420 Μενέλεῳ.
331 1372 538 1409 Idomeneo
567 1373 824 1422 Merioneque
864 1373 1034 1409 ducibus
1066 1374 1203 1409 auxilia
1235 1375 1400 1410 Menelao

118 1428 248 1471 missa,
266 1428 452 1464 Herodoto
471 1428 667 1464 dicuntur
691 1429 837 1475 Μενέλεῳ
858 1425 1102 1476 τιμωρήματαε
1131 1427 1235 1463 sicut
1252 1429 1402 1464 Herculi

118 1481 212 1517 dono
238 1483 347 1518 missa
363 1483 528 1529 Ἡρακλεῖ
549 1480 729 1530 δωρήματα
743 1483 909 1530 Sophocli
925 1482 1065 1518 Trach.
1080 1494 1136 1518 vs.
1153 1483 1242 1518 681.
1268 1483 1399 1518 Denm

118 1535 365 1584 heroumque
383 1538 458 1573 irae
480 1537 634 1584 saepius
660 1539 876 1573 immortales
901 1536 1062 1584 proprie
1088 1536 1283 1573 dicuntur
1307 1539 1400 1579 μηνί-

116 1604 238 1633 μαται
265 1602 393 1638 neque
423 1603 515 1627 sane
543 1591 729 1627 dedecent
755 1591 913 1635 Minoa,
945 1590 1043 1627 dum
1073 1597 1168 1628 esset
1200 1591 1243 1627 in
1275 1590 1398 1636 vivis,

116 1645 209 1692 plus
228 1657 354 1693 aequo
378 1647 572 1693 cupidum
589 1646 801 1683 vindictae.
828 1648 948 1683 Minos
967 1648 1085 1687 μηνίων
1107 1645 1259 1682 dicitur
1287 1647 1399 1683 Grae-

115 1701 189 1745 cis,
219 1696 312 1750 [lin.
328 1697 390 1750 7.]
413 1696 462 1739 ἔτι
480 1702 506 1738 οἱ
532 1704 590 1744 μὲν
607 1700 643 1738 ου’
663 1699 929 1748 συνεξεπρήξαντο
949 1698 1058 1751 (νίἃ.
1079 1706 1160 1738 not.
1180 1701 1222 1736 in
1242 1714 1279 1749 p-
1298 1700 1372 1745 [125
1387 1698 1403 1745 ‚⁷

120 1753 208 1801 52.)
229 1754 324 1803 αὕτῷ
340 1754 397 1793 τᾶν
415 1756 442 1792 ἐν
461 1757 607 1803 Καμίκῳ
631 1754 778 1792 θοίνα-τον
799 1753 977 1798 γενόμενον.
1001 1753 1172 1804 [Adnot.
1190 1755 1237 1791 ad
1260 1758 1311 1793 V.
1326 1763 1396 1804 94,

120 1806 206 1858 15.]
236 1810 444 1846 Camicum
466 1823 558 1846 cum
584 1810 752 1847 venisset
775 1810 818 1845 in
843 1809 1024 1846 Siciliam
1051 1811 1099 1846 ad
1122 1810 1396 1859 quaerendum

111 1864 481 1914 exposcendumque
501 1865 742 1909 Daedalum,
783 1864 873 1900 illic
905 1870 1097 1912 tyrannus
1131 1864 1253 1913 periit
1283 1864 1400 1900 inho-

80 1926 81 1929 ’
116 1925 224 1956 nesta
250 1925 397 1955 morte:
423 1917 620 1963 λουσάμενος
649 1919 716 1957 13πᾶ
743 1920 808 1956 τῶν
829 1918 997 1957 Κωκάλου
1019 1920 1208 1968 θυγατέρων
1242 1918 1393 1967 α’νῃρέθκ,

114 1973 246 2018 ζέουσαν
268 1976 391 2011 πίσσαν
419 1975 639 2020 ἔπιχεοιμένων
663 1973 782 2022 aziz-23,
808 1974 940 2012 Zenob.
962 1976 1034 2010 IV.
1063 1987 1126 2024 92.
1162 1974 1234 2010 Hic
1257 1970 1398 2024 [Zeno-

115 2026 191 2065 In’us
210 2025 611 2080 paroemiographus]
632 2041 726 2073 sua,
746 2040 848 2076 quae
873 2028 920 2065 de
942 2028 1076 2066 Minoe·
1097 2042 1176 2065 non
1203 2028 1296 2065 trita
1319 2033 1398 2064 tra-

113 2080 196 2127 dit,
226 2085 370 2133 Ephoro
390 2085 519 2121 forsan
546 2083 682 2128 debet,
708 2090 780 2119 aut
797 2084 974 2128 Philisto;
997 2096 1172 2136 quorum
1201 2082 1399 2119 narratio-

118 2148 186 2173 nes
206 2141 274 2187 περὶ
291 2135 460 2177 Δαιδάλου
476 2155 536 2182 της
554 2138 695 2183 οἱφίξεως
715 2136 795 2185 arpo}
817 2137 1000 2182 Κωκαλσν,
1033 2144 1077 2175 ut
1100 2139 1278 2186 exempla
1302 2149 1398 2185 pue-

117 2191 172 2227 ris
192 2193 374 2241 legenda,
391 2194 640 2230 commendat
657 2193 802 2237 Theon,
819 2194 1025 2243 Progymn.
1046 2206 1132 2243 pag.
1155 2194 1214 2231 16.
1251 2191 1398 2230 Minois

115 2254 282 2283 mortem
298 2274 308 2291 ‚
334 2247 485 2285 diverse
513 2254 714 2285 narratam
730 2249 892 2285 Diodoro
913 2250 982 2284 IV.
997 2261 1081 2297 cap.
1101 2261 1166 2298 79.
1196 2248 1398 2285 Pausaniae

115 2303 203 2338 VII.
226 2299 286 2352 [c.
307 2299 370 2353 4.]
395 2316 432 2351 p.
458 2304 547 2340 531.
565 2310 604 2340 et
627 2302 742 2348 aliis,
766 2316 865 2351 quos
894 2303 938 2338 111
959 2303 1074 2339 Creta
1095 2316 1133 2350 p.
1161 2303 1249 2339 133.
1278 2305 1399 2339 Meur-

110 2357 185 2392 sius
212 2357 337 2395 citant
360 2364 399 2394 et
416 2359 511 2395 Phil.
535 2359 674 2396 Cluver.
693 2358 805 2395 Sicil.
830 2359 929 2394 Ant.
955 2371 994 2405 p.
1015 2359 1077 2394 31.
1100 2362 1140 2394 et
1160 2371 1250 2395 221.
1279 2367 1399 2406 quae-

111 2421 193 2457 que
221 2419 390 2449 veterem
429 2419 625 2460 praeterea
656 2417 833 2461 spectant
867 2411 1100 2457 historiam,
1134 2413 1400 2461 probabiliter

114 2471 349 2505 tractaverat
370 2468 559 2517 Sophocles
577 2469 621 2504 in
642 2468 797 2517 perdito
817 2466 1191 2557 dramategzicimm'oae
1205 2482 1214 2501 :
1230 2467 1291 2503 bis
1309 2466 1400 2514 qui·

1104 2533 1124 2555 2
