1718 2919
342 253 440 293 An
471 253 875 293 HERODOT.
916 253 1002 294 vi.
1039 240 1198 293 20-2'2.
1340 262 1415 304 149

127 356 480 396 animadversionis
497 356 767 400 Bentleianae,
782 356 1022 393 vocabulum
1042 355 1148 392 istud
1168 354 1416 404 proscriben-

130 413 179 449 tis
192 439 202 458 ,
222 412 346 460 inque
363 412 554 459 sophistas
575 411 819 447 fraudatores
836 410 1056 459 ablegantis
1068 437 1077 455 ,
1107 410 1208 448 Diss.
1222 410 1270 446 de
1288 410 1414 459 Epist.

129 467 284 504 Phalar.
304 480 342 514 p.
369 467 480 502 550..
515 478 578 502 me
616 477 737 514 paene
766 465 808 500 in
834 471 961 513 partes
988 465 1158 501 abducto
1188 465 1234 501 ad
1261 466 1416 502 Diodori

126 522 204 558 lib.
220 523 301 558 XII.
320 534 379 558 21.
407 521 475 556 uhi
495 532 536 556 ea
557 522 634 557 lex.
668 524 823 556 Verum
849 521 1038 557 Herodoto
1059 525 1097 555 et
1124 521 1269 556 Timaeo
1290 520 1322 555 si
1343 532 1413 556 sua

127 576 224 613 fides
238 602 248 620 ,
268 588 356 623 pars
383 575 468 611 eius
489 575 772 612 observationis
789 580 958 611 corruet.
1002 574 1136 610 Potuit
1157 575 1331 622 profecto
1345 575 1414 610 Za-

126 631 266 666 leucus
279 657 288 675 ,
307 631 387 666 sive
409 636 534 666 aetate
549 631 804 679 Pythagoram
824 629 933 665 brevi
953 629 1231 673 anteverterit,
1248 641 1329 676 quo
1349 641 1415 664 su·

126 685 289 733 perstite
311 685 469 733 Sybaris
489 698 506 720 a
528 685 771 721 Crotoniatis
797 696 951 732 pessum
973 684 1063 720 data
1091 683 1192 728 fuit,
1219 683 1319 719 luxu
1341 683 1415 719 du⁰

128 739 226 776 dum
246 740 418 788 perdita„
447 752 514 775 seu
534 739 620 775 eius
639 739 763 775 fuerit
780 739 1027 786 discipulus,
1050 738 1203 786 potuit,
1222 737 1415 786 inquam,

126 794 175 830 de
194 795 469 842 Sybaritarum
497 794 672 830 mollitie
697 794 951 841 vestibusque
981 805 1027 828 ex
1054 794 1144 829 lana
1169 792 1326 830 Milesia
1353 792 1415 828 in-

126 849 291 893 audire‚
318 855 356 885 et
382 850 662 893 Locrensibus,
692 861 771 885 non
800 849 915 897 longe
939 849 1123 892 remotis,
1156 846 1282 888 ἱμάτια
1308 848 1416 888 Zema-

124 902 245 946 λήτισι,
268 904 420 952 quippe
443 904 657 940 hominum
685 903 1031 946 effeminatorum,
1062 903 1286 950 prohibere.
1317 902 1416 938 Alia

125 958 170 993 in
194 960 389 995 Bentleium
411 971 542 1006 nuper
562 961 634 997 l‘V.
656 959 894 994 l‘Varburton
914 960 1043 1008 Legat.
1064 957 1253 994 Mosaicae
1277 956 1349 993 lib.
1370 959 1415 993 II.

110 1019 218 1049 sect.
241 1014 276 1049 3.
306 1014 486 1051 WESS.

187 1081 199 1103 1
215 1081 247 1105 1.
275 1068 303 1110 ἐς
329 1064 456 1116 δάκρυά
475 1084 508 1106 τε
534 1065 661 1105 ἔπεσε
691 1067 729 1105 ro*
749 1063 907 1118 θέητρον)
935 1067 1071 1105 Gloria
1094 1067 1339 1103 instauratae
1360 1067 1415 1102 le-

125 1122 268 1159 ctionis
288 1122 454 1158 debetur
476 1124 656 1159 Gronovio
677 1135 723 1158 cx
742 1123 891 1158 schedis
918 1124 1048 1159 Medic.
1062 1150 1071 1167 ⁷
1098 1123 1248 1170 quibus
1280 1122 1416 1170 plures

123 1177 437 1225 adstipulantur.
466 1177 608 1214 Eadem
627 1177 726 1213 olim
749 1178 792 1213 in
808 1180 977 1226 Longino
994 1183 1083 1214 sect.
1101 1186 1183 1222 24,
1203 1188 1273 1213 nec
1293 1176 1417 1212 latuit

125 1233 302 1276 Tollium,
322 1244 567 1280 quamquam
591 1232 731 1268 menda
750 1233 792 1267 in
812 1244 855 1268 eo
876 1233 1080 1280 pertinax,
1102 1237 1288 1268 monente
1301 1231 1414 1267 Zach.

122 1287 266 1324 Pearce.
298 1288 490 1324 Mulctam
525 1288 735 1337 Phrynicho
756 1288 926 1324 Athenis
957 1287 1191 1336 irrogatam,
1220 1286 1416 1322 eiusdem-

124 1353 203 1390 que
227 1340 380 1380 Μιλήτου
401 1338 523 1379 ἅλωσιν
543 1342 622 1379 viri
643 1342 859 1378 doctissimi
884 1342 931 1377 ad
952 1345 1096 1379 Aelian.
1116 1345 1212 1379 Var.
1232 1344 1333 1378 XIII.
1354 1354 1414 1388 ¹7-

121 1395 408 1441 illustrarunt,
430 1402 665 1445 praeterque
682 1403 825 1433 ceteros
845 1400 892 1434 R.
912 1399 1091 1434 Bentleius
1110 1397 1157 1433 de
1176 1396 1300 1445 Epist.
1320 1397 1415 1432 Pha-

124 1451 199 1488 lar.
222 1465 259 1500 p.
278 1452 369 1488 256.
390 1458 460 1488 etc.
493 1453 675 1491 WESS.
704 1472 754 1479 ...
794 1454 956 1501 Longini
985 1452 1134 1488 codices
1171 1451 1324 1487 tametsi
1354 1451 1415 1486 di-

121 1506 386 1543 versissimam
412 1506 507 1542 hinc
533 1507 745 1543 lectionem
772 1508 1005 1551 exhibeant,
1030 1506 1132 1542 mihi
1160 1518 1322 1555 quoque
1342 1508 1416 1542 He-

123 1561 279 1597 rodotea
302 1561 500 1609 scripsisse
521 1561 682 1598 videtur
699 1565 886 1611 Longinus
907 1568 1028 1610 prout
1045 1561 1228 1611 vulgavit
1249 1573 1295 1596 ex
1318 1562 1414 1597 Med.

123 1617 338 1653 Gronovius.
366 1616 467 1654 Satis
487 1616 603 1652 istam
627 1617 817 1653 adfirmat
833 1617 1045 1653 lectionem
1067 1617 1299 1664 exemplum
1318 1615 1416 1652 vici-

125 1682 227 1706 num
256 1682 303 1707 ex
327 1672 563 1708 Demosthene
592 1670 654 1719 (p.
675 1686 686 1707 l
700 1673 768 1716 36,
788 1670 876 1722 29.)
904 1672 1076 1719 petitum
1092 1698 1101 1716 ,
1131 1671 1150 1711 ἦ
1171 1668 1415 1712 Πελοπόννησος

125 1723 250 1763 ἄποια-οι
279 1723 458 1766 διειστήκει.
509 1726 617 1774 Quid
653 1726 823 1763 Athenis
858 1726 1036 1763 evenerit
1068 1726 1280 1777 Phrynicho
1295 1753 1303 1768 ,
1339 1724 1413 1772 qui

121 1786 278 1828 praeter
308 1782 447 1817 Herod.
473 1780 734 1827 tradiderint,
772 1781 1018 1818 advocantur
1050 1780 1098 1817 ad
1134 1781 1282 1818 Aeliani
1315 1783 1413 1817 Var.

121 1837 222 1873 XIII.
250 1848 310 1881 17.
343 1837 563 1873 VALCK.

233 1887 380 1929 CAP.
405 1887 569 1929 XXII.
599 1903 630 1927 1.
662 1894 799 1934 Σαμίων
820 1888 849 1928 δὲ
868 1892 955 1929 τοῖα-ι’
973 1906 1010 1928 τι
1032 1887 1209 1938 ἔχουσι)
1239 1892 1319 1926 Hoc
1338 1888 1415 1925 sal·¹

123 1949 202 1981 tem
222 1945 367 1993 opinor
386 1945 542 1993 liquere
556 1972 565 1990 ,
592 1947 730 1993 quales
745 1947 839 1995 plebi
861 1946 1005 1995 passim
1034 1950 1321 1993 opponuntur,
1348 1945 1415 1981 Sa-

120 2000 298 2037 miorum
315 2001 461 2037 ditiores
482 2000 695 2050 designari.
722 2003 859 2038 Divites
881 2012 993 2048 saepe
1014 1999 1184 2049 quidem
1198 2026 1207 2044 ‚
1239 1998 1415 2048 Tragicis

122 2055 353 2103 praesertim
380 2055 577 2091 dicuntur
605 2053 758 2101 ἕχοντεςε
795 2055 887 2092 aliis
913 2057 1030 2103 plene
1054 2053 1101 2092 τοὶ
1131 2053 1320 2103 χρήματα,
1349 2054 1413 2090 vel

121 2109 186 2153 τοὶς
212 2108 324 2153 οὖα-ἴοις
352 2108 507 2155 ἔχοντες,
544 2110 607 2147 vel
636 2109 680 2148 τρὶ
710 2108 889 2153 κτήματα.
933 2111 1115 2147 Diodorus
1140 2113 1277 2159 bynop.
1305 2108 1413 2156 apud

122 2166 260 2202 Athen.
273 2167 342 2201 VI.
367 2178 404 2212 p.
427 2165 518 2215 239.
539 2179 574 2201 E·
603 2181 638 2202 τε
643 2181 677 2207 v:
706 2165 741 2202 ἐκ
770 2163 932 2203 ἔννοια-των
961 2162 1140 2208 γεγονότας
1159 2163 1328 2209 ’',Exovroe
1361 2179 1417 2200 ου-

124 2222 216 2262 σίαςε
236 2219 385 2267 quibus
405 2219 589 2255 mendose
607 2216 745 2270 [olim]
767 2220 948 2276 scriptis
945 2218 1060 2256 abusi
1080 2224 1177 2254 sunt
1193 2221 1232 2255 S.
1247 2219 1355 2255 Petit.
1377 2222 1416 2253 et

120 2273 186 2310 ill.
207 2275 269 2311 Ez.
289 2275 479 2322 Spanhem.
511 2275 830 2311 Mantinensium
857 2275 910 2312 οἱ
902 2264 1029 2320 ’'mvi-23
1051 2272 1114 2316 τοὶς
1133 2272 1247 2315 otio-lm
1265 2283 1415 2309 memo-

122 2334 267 2366 rantur
294 2330 529 2377 Xenophonti
549 2329 646 2367 Ελλ.
664 2333 716 2366 V.
740 2343 776 2377 p.
803 2330 937 2373 525,2
948 2342 983 2375 7.
1013 2328 1135 2376 Apud
1160 2329 1320 2364 Pausan.
1349 2329 1414 2363 ΙΙΙ.

123 2397 164 2431 p.
184 2384 272 2419 223.
303 2384 447 2420 Xenias
474 2385 629 2420 Eleus
618 2384 777 2425 επανέστκ
801 2385 851 2432 τῷ
880 2380 973 2430 δήμῳ
998 2399 1055 2420 συν
1078 2385 1145 2425 τοῖς
1168 2398 1212 2419 τα
1248 2381 1415 2429 χρήματα

123 2437 251 2483 ἔχουσι.
278 2439 388 2474 Tales
410 2439 591 2483 ἐχεκτέαναι
611 2444 706 2475 sunt
727 2440 873 2475 Rhiano
894 2437 1036 2474 Stobaei
1059 2450 1097 2485 p.
1121 2438 1183 2481 54,
1203 2449 1215 2471 1
1231 2449 1263 2472 1.
1283 2450 1415 2477 nrm-oo-

124 2495 208 2530 rmo}
227 2493 401 2544 Polybio,
430 2494 612 2538 Diodoro,
644 2492 830 2542 aliisque.
866 2492 937 2529 Sed
971 2492 1043 2528 hoc
1070 2503 1185 2528 sensu
1214 2501 1415 2538 nusquam.
