1718 2919
333 278 427 318 AD
473 277 857 318 HERODOT.
889 279 1005 321 VII.
1045 284 1081 323 5.
1111 283 1150 321 6.
1310 287 1392 327 263

100 384 223 430 πσλυν,
243 382 355 436 (lege
376 386 492 433 λῆρον,
516 382 756 436 πολυώνυμον)
785 385 940 424 doz-otum·
968 386 1063 424 ὦνον
1098 388 1188 426 Εἰσὶν
1213 391 1272 432 μὲν
1295 394 1391 428 πλεῖ-

101 457 159 479 στα
162 457 172 477 ι
196 438 328 478 πάντων
357 440 459 488 dar-,rt
481 455 517 478 τε
544 438 714 488 κράτιστοι
741 442 768 478 ἕν
792 439 972 489 Λιπάραις.
1002 439 1220 480 VALCK.
1250 464 1301 471 ——
1344 447 1389 482 In

98 496 330 534 Archestrati
344 507 458 532 versu
480 494 641 531 mireris
660 496 753 543 λῆρον
773 494 876 534 πολυν
891 496 1156 534 sollicitatum
1173 510 1194 533 a
1213 498 1391 536 doctissi-

98 562 166 587 mo
197 550 311 587 Viro.
346 549 462 588 Nihil
487 549 561 586 illa
589 550 766 587 formula
793 550 900 597 apud
928 551 1082 588 Atticos
1113 552 1388 600 frequentius:

98 616 231 653 neque
250 605 373 641 huius
389 603 466 640 loci
488 609 572 640 erat
588 605 722 641 vocab.
740 602 965 647 πολυωνυμον.
1003 606 1104 643 Sana
1123 607 1258 643 omnia
1280 620 1390 657 repe-

96 659 194 704 ries,
210 660 324 695 modo
341 659 592 703 memineris,
609 656 737 708 (quod
756 672 824 695 nos
844 659 888 695 in
904 672 1056 708 nupera
1076 661 1253 698 editione
1266 669 1390 701 trans-

94 716 199 751 υενεὰ
233 716 366 752 lineola
398 714 518 750 initio
550 725 684 752 versus
719 714 845 762 posita
876 713 1174 766 indicavimus)
1205 717 1388 765 primum

95 769 315 806 hexametri
339 769 498 818 pedem⁷
515 769 588 817 qui
610 769 771 805 fortasse
788 768 843 806 Ου’
864 785 930 812 μην
947 769 1029 807 sive
1045 771 1255 820 >quidlibet
1271 772 1387 811 aliud

95 824 252 870 fuerat,
297 824 618 872 praetermissum
655 836 677 859 a
705 823 1038 872 Deipnosophista
1068 826 1209 870 fuisse;
1251 832 1388 876 utpote

94 878 145 915 ad
164 878 204 914 id
220 906 229 924 ,
258 880 364 927 quod
387 879 460 915 ille
476 879 680 923 voluerat,
710 878 816 914 nihil
846 879 1070 918 facientem.
1098 879 1144 919 S.

207 931 352 973 CAP.
380 931 467 972 VJ.
496 935 532 970 6.
559 933 653 982 παραὶ
675 935 739 971 τῶν
759 931 1039 986 Ἀλευαδέων)
1070 935 1254 973 Graeciae
1270 938 1387 975 Thes·

92 988 296 1037 saliaeque
324 989 365 1024 hi
394 989 612 1037 proditores
638 993 832 1024 notantur
860 989 933 1025 lib.
957 992 1026 1028 IX.
1047 991 1109 1037 57.
1140 997 1178 1028 et
1203 1004 1226 1028 a
1247 993 1387 1030 Pausa·

86 1046 156 1079 ‘nia
178 1043 251 1080 lib.
266 1046 351 1081 VII.
373 1057 432 1080 10.
463 1044 592 1090 [conf.
611 1045 801 1080 Nostrum
821 1045 907 1080 VII.
929 1045 1002 1080 130
1028 1047 1103 1081 sub
1130 1043 1218 1095 fin.]
1250 1049 1384 1084 Luxus

91 1104 133 1133 et
148 1111 270 1146 opum
285 1099 332 1135 ad
351 1105 506 1135 sumtus
526 1098 748 1134 tolerandos
767 1097 1015 1135 inmoderata
1033 1101 1179 1149 cupido
1192 1128 1202 1147 ,
1224 1107 1269 1137 ut
1286 1115 1386 1140 sem-

91 1164 185 1201 per,
211 1154 394 1191 Aleuadas
411 1153 459 1189 ad
480 1153 690 1202 perfidiam
715 1153 854 1200 duxit,
871 1154 990 1192 Critia
1012 1160 1105 1192 teste
1123 1156 1230 1204 apud
1247 1159 1384 1195 Athen.

89 1207 166 1244 lib.
185 1210 270 1245 XII.
293 1209 328 1246 6.
352 1221 390 1256 p.
413 1209 502 1256 527.
523 1222 557 1246 Β.
591 1209 772 1248 WESS.

146 1263 237 1300 Ibid.
275 1279 369 1310 παρα
403 1279 467 1301 των
500 1260 725 1310 Ἀλευαδέων)
754 1262 970 1300 Larissaeos
1007 1263 1149 1302 fratres
1177 1267 1383 1313 Aleuadas,

88 1315 228 1355 Ἀλεύεω
248 1315 391 1360 παῖδας,
421 1324 615 1354 memorat
637 1317 711 1354 lib.
730 1320 798 1354 IX.
826 1331 858 1354 c.
882 1319 943 1366 57.
974 1317 1136 1369 Θωρκκα,
1165 1319 1380 1370 Ευρύπυλον,

87 1378 128 1408 et
160 1369 378 1420 &foeevssn'istov
417 1373 468 1409 Hi
500 1373 699 1409 Thessalos
739 1373 922 1421 primum
952 1373 1100 1411 invitos
1134 1375 1243 1424 (VII.
1273 1375 1382 1425 172.)

85 1427 211 1465 Xerxi
233 1427 510 1475 prodiderunt.
541 1429 702 1465 Pausan.
727 1429 988 1477 V11.p.546.
1022 1429 1116 1478 Ξέρξῃ
1147 1431 1199 1468 ἐπὶ
1228 1447 1287 1471 τκν
1306 1430 1385 1469 Ἐλ-

86 1479 180 1520 λοίδυι
201 1481 365 1520 ἐλαύνοντι
386 1485 567 1522 Θεσσαλία
591 1480 629 1519 δι’
645 1479 830 1520 Ἀλευοιδων
857 1482 1029 1530 προυὸόθκ.
1061 1486 1190 1521 Postea
1206 1486 1383 1523 volentes

81 1536 208 1573 'etiarn
237 1537 434 1582 Thessali,
465 1551 487 1574 a
510 1537 657 1575 vicinis
679 1537 942 1575 Phocensibus
970 1538 1145 1585 irritati,
1172 1542 1383 1578 Persarum

86 1597 216 1640 partes
236 1598 332 1628 sunt
350 1592 534 1642 sequuti:
557 1593 732 1630 Philostr.
753 1595 844 1630 Her.
865 1606 897 1630 c.
913 1607 996 1630 xlx.
1020 1595 1078 1631 15.
1111 1597 1156 1632 In
1177 1595 1302 1643 Epist.
1316 1599 1382 1633 So-

85 1653 182 1684 crat.
205 1648 267 1683 28.
288 1648 518 1684 Alexander
535 1647 692 1685 Graecis
717 1647 910 1685 indicasse
932 1649 1087 1686 dicitur
1112 1648 1169 1690 τνὶν
1188 1649 1303 1688 Ἀλέου
1322 1653 1380 1688 καὶ

89 1702 274 1740 Θετταλῶν
293 1700 484 1750 προδοσίαντ
517 1702 588 1738 ubi
608 1702 865 1740 scribendum
890 1702 948 1744 viv
970 1705 1034 1742 τῶν
1062 1703 1219 1747 Ἀλεύου,
1239 1706 1302 1742 vel
1322 1704 1381 1746 τὴν

86 1753 284 1793 Ἀλευαδῶν.
335 1760 461 1794 Vetus
494 1763 534 1793 et
560 1757 812 1794 nobilissima
852 1758 1010 1795 familia
1041 1759 1216 1796 Larissae
1249 1760 1381 1810 viguit

83 1811 250 1848 Platonis
272 1811 394 1848 etiam
414 1818 452 1848 et
466 1813 719 1849 Demosthenis
737 1818 883 1855 aetate3
907 1813 1051 1849 habuit
1071 1813 1181 1850 enim
1205 1816 1380 1852 Larissae

88 1866 247 1916 Gorgias
267 1866 486 1915 discipulos
509 1865 692 1905 Ἀλευαδῶν
715 1867 791 1911 τούς
809 1867 975 1916 πρώτους,
1003 1870 1156 1905 Platone
1181 1875 1274 1906 teste
1297 1870 1381 1906 ini-

84 1919 142 1957 tio
161 1921 341 1958 Menonis
364 1924 407 1959 T.
426 1925 472 1961 ΙΙ.
495 1936 535 1971 p.
552 1936 615 1969 70.
641 1935 722 1970 quo
747 1930 895 1971 spectat
914 1923 958 1959 in
976 1925 1067 1960 Lex.
1091 1926 1274 1962 Timaeus.-
1295 1925 1378 1963 vid.

82 1974 143 2011 ihi
164 1989 201 2023 p.
221 1976 281 2013 15.
302 1973 358 2027 [p.
375 1990 438 2014 22.
454 1978 515 2014 ed.
529 1973 620 2028 see.]
638 1977 734 2013 clar.
752 1979 1000 2023 Ruhnkenius‚
1014 1984 1053 2015 et
1071 1980 1193 2016 Vates.
1210 1979 1258 2015 ad
1275 1982 1380 2017 Har-

75 2044 181 2080 pocr.
200 2030 243 2066 in
258 2035 462 2080 Τετραρχία.
492 2032 612 2080 Apud
635 2033 807 2069 eundem
823 2035 945 2083 Harp.
961 2045 1008 2070 ex
1023 2034 1212 2071 Demosth.
1233 2048 1271 2083 p.
1290 2044 1378 2080 142,

86 2086 152 2121 86.
179 2093 419 2123 memoratus
453 2090 578 2130 Σῖμος,
608 2085 651 2130 εἷς
675 2088 740 2124 τῶν
770 2085 955 2126 Ἀλευαδῶν
984 2089 1107 2125 fuisse
1133 2089 1288 2127 dicitur
1315 2091 1377 2128 τῶν

85 2136 258 2177 δοκούντων
278 2142 477 2189 συμπρᾶξαι
494 2144 544 2191 τῷ
563 2138 743 2180 Μακεδόνι.
781 2143 991 2192 Philippo,
1019 2155 1090 2181 nec
1110 2144 1285 2190 mirum,
1306 2158 1378 2182 no-

82 2194 186 2230 biles
203 2194 245 2229 hi
260 2196 432 2232 Thessali
463 2197 669 2241 favebant,
700 2210 877 2246 quorum
907 2199 1076 2236 maiores
1106 2199 1151 2236 in
1176 2201 1376 2238 Thessalia

81 2257 362 2298 regnaverant,
391 2257 478 2288 tum
508 2251 697 2300 temporis
723 2265 745 2288 a
772 2254 955 2301 tyrannis
972 2260 1122 2292 vexata.
1160 2256 1375 2292 VALCK.

145 2315 204 2339 12.
232 2320 312 2353 προς
333 2304 475 2345 τούτοισι
504 2306 570 2346 ἔτι
588 2308 686 2344 πλέον
716 2307 801 2354 etc.)
837 2309 1098 2358 perfrequens
1120 2308 1202 2356 πρδς
1225 2307 1276 2347 ἔτι
1302 2309 1377 2348 rou'-

82 2374 166 2395 ·tma
196 2357 268 2395 lib.
286 2361 349 2397 III.
377 2361 440 2399 65.
465 2365 532 2400 IX.
558 2375 570 2398 1
586 2375 648 2398 10.
673 2361 878 2399 invectum
912 2361 963 2402 ὅτι
992 2364 1185 2401 excludit.
1228 2365 1376 2402 Confer

80 2412 314 2450 Abreschium
332 2416 416 2451 Dil.
442 2417 618 2465 Thucyd.
642 2430 729 2454 112.
765 2417 835 2454 His
854 2430 946 2455 vero
971 2431 1146 2456 connexa
1171 2432 1243 2468 pro
1262 2419 1376 2456 valde

81 2467 278 2504 mendosis
309 2470 370 2507 Cl.
391 2472 434 2507 de
461 2474 572 2509 Pauw
598 2478 767 2520 putans,
787 2474 1023 2522 προσωρέγοντο
1049 2475 1075 2512 οἱ
1097 2473 1229 2519 ἔχοντες
1257 2473 1375 2517 ἀμφὶ

81 2520 341 2572 Ὀνομάκριτον,
367 2529 528 2566 stimulos
551 2529 809 2566 Onomaoritus
837 2529 1019 2574 addebat,
1050 2529 1268 2571 formabat3
1297 2540 1376 2565 esse
