1718 2919
314 297 410 336 AD
450 295 851 336 HERODOT.
880 297 933 337 V.
963 310 1128 349 97-99.
1291 312 1366 350 1¹7

84 399 157 436 lib.
181 401 228 438 11.
245 412 275 437 c.
302 413 361 436 12.
384 400 546 436 adhibet
561 401 718 438 Aristid.
742 403 784 437 T.
806 402 851 437 Π,
876 414 913 448 p.
939 401 1028 438 322.
1064 404 1145 438 Hae
1169 413 1285 438 naves
1310 403 1370 439 vi-

83 454 208 504 ginti,
232 467 324 491 nam
346 455 606 491 Athenienses
631 454 730 493 εἴκοσι
752 454 901 503 τριήρεσιν
926 454 1092 492 ἔπλευσαν
1113 455 1369 503 ἐπικουρήσοντες

85 506 268 551 τσῗςἼωσιν
281 536 292 554 ,
312 510 508 546 utscribit
527 516 565 545 et
585 510 733 547 Charon
752 512 1014 558 Lampsacenus
1035 511 1141 558 apud
1160 512 1276 554 Pcut„
1298 512 1371 547 hae

86 575 201 600 naves
229 564 391 600 Ionibus
423 564 579 600 auxilio
615 564 754 600 missae
785 565 956 600 Darium
987 566 1297 608 exacerbarunt,
1332 572 1371 601 et

84 617 301 665 speciosum
332 618 540 655 inferendo
565 618 722 655 Graecis
749 620 857 655 bello
888 620 1160 666 praebuerunt
1195 626 1371 668 praetex-

88 677 173 708 tum
205 685 441 721 causamque
472 673 717 721 proximam:
756 685 889 710 veram
923 673 1044 710 tradit
1071 676 1251 711 Aristides
1277 676 1319 711 T.
1339 678 1366 712 l.

86 740 125 774 p.
143 740 233 777 209.
261 729 388 765 Velut
405 734 575 764 remotae
593 739 747 764 caussae
771 728 1009 764 considerari
1030 741 1191 777 quoque
1208 737 1370 777 possunt

85 783 302 829 superbum
340 784 501 819 Atossae
537 783 780 819 desiderium
823 789 862 819 et
904 783 1080 819 medicus
1122 784 1370 822 Democedes.

86 836 199 883 Quod
229 837 343 873 uxori
362 838 477 873 Darii
505 837 626 873 etiam
647 839 786 874 Herod.
803 840 866 875 ΙΙΙ.
887 850 919 874 e.
939 839 1027 882 134.
1056 838 1096 874 id
1120 838 1252 886 ipsum
1272 842 1371 875 Xer-

84 889 145 926 xis
174 891 332 941 coniugi
355 892 502 928 tribuit
522 895 672 929 Maxim.
694 894 784 943 Tyr.
803 895 947 929 XXIX.
969 905 1001 929 c.
1023 894 1059 931 6.
1089 893 1273 936 ἔπιθυμεΐῆ
1298 895 1371 942 Ξέρ-

86 943 141 987 ξου
160 945 240 987 *sowi
260 944 493 992 θεραπαινίδων
514 944 704 984 Λακωνίδων
736 949 795 984 καὶ
821 944 971 984 Ἀτθίδων
996 950 1056 985 καὶ
1073 945 1278 995 Ἀργειοίὲων·
1309 951 1369 985 καὶ

86 995 125 1035 δι’
144 1000 313 1042 ἐπιθυμίαν
342 1000 498 1043 γυναικδς
516 1022 533 1028 -
552 1023 568 1028 -
588 1023 604 1029 -
633 1001 652 1042 ἦ
678 1000 778 1040 Ἀσία
802 1002 1008 1047 ἕξοικίξεταιε
1041 1003 1144 1038 mihi
1171 1002 1371 1051 scripsisse

85 1052 246 1090 videtur
272 1057 470 1093 Λακωνικῶν
499 1061 537 1091 et
565 1053 771 1104 Ἀργολίὸων.
811 1054 1002 1104 Ἀργολίδας
1034 1057 1180 1093 rectius
1207 1057 1371 1095 dixisset

84 1110 275 1153 Aelianus,
298 1123 419 1157 quam
440 1107 572 1154 Ἰοέδας,
591 1111 638 1145 de
655 1113 745 1147 Nat.
764 1112 845 1148 An.
863 1113 930 1147 XI.
950 1124 983 1147 c.
1005 1125 1066 1158 27.
1094 1113 1312 1151 VALCK.·

191 1161 334 1206 CAP.
363 1162 604 1204 XCVIII.
636 1166 672 1201 5.
701 1163 862 1214 ὠφελείῃ)
889 1168 1004 1202 Certa
1027 1167 1120 1203 haec
1148 1167 1370 1214 scriptura,

84 1223 175 1263 aut,
203 1218 263 1255 uti
290 1232 358 1269 ego
382 1219 536 1264 malui,
574 1219 695 1264 ὠφελίη
726 1231 773 1256 ex
802 1220 977 1257 nationis
1003 1221 1292 1258 consuetudine
1321 1224 1370 1259 ad

82 1271 155 1309 lib.
173 1274 220 1310 ΙΙ.
244 1276 301 1311 18.
332 1275 511 1313 WESS.

140 1327 201 1364 23.
237 1332 320 1366 τοῖσι
344 1327 530 1377 Παίοσι)
560 1328 762 1365 Ultimum
790 1332 978 1367 Laurentii
1001 1335 1040 1366 et
1063 1332 1178 1369 Arch.
1211 1332 1372 1368 schedae

81 1383 361 1431 neglexerunt,
379 1385 515 1420 crebra
533 1385 717 1420 vocabuli
740 1385 977 1433 repetitione
1000 1386 1160 1422 fortasse
1179 1387 1368 1423 offensae:

84 1448 154 1484 per
169 1449 232 1473 me
251 1438 412 1484 licebit,
432 1444 477 1474 ut
491 1438 577 1474 eius
596 1439 758 1475 consilii
778 1440 1000 1476 laudatores
1020 1441 1236 1488 inpetrent.
1265 1438 1370 1492 [Nisi

82 1503 174 1528 vcro
198 1491 328 1531 αὖτοῖσι
349 1506 420 1541 pro
441 1496 525 1531 τοῖσι
551 1494 728 1542 legatur,
758 1507 838 1530 non
865 1495 979 1531 video
1003 1508 1084 1543 quo
1106 1503 1218 1544 pacto
1241 1498 1372 1533 abesse

81 1547 214 1583 vocab.
233 1550 354 1585 Παίοσι
383 1545 534 1598 possit.]
563 1550 676 1584 Ferre
697 1555 829 1585 tamen
854 1563 933 1586 non
962 1563 1120 1598 possum
1148 1551 1261 1587 toties
1286 1551 1370 1588 oim-

83 1602 181 1639 κέοιτο
209 1614 230 1638 a
259 1602 440 1638 librariis
465 1603 513 1638 ad
542 1604 846 1640 conmuniorcm
881 1605 1075 1641 sermonis
1107 1618 1258 1642 morem
1292 1606 1372 1642 for-

83 1655 201 1692 mari.
231 1657 314 1704 Ipse
336 1659 434 1694 Med.
453 1659 503 1693 ab
527 1658 597 1694 hac
621 1670 659 1694 se
680 1659 902 1696 temeritate
921 1656 1010 1710 [lin.
1035 1657 1122 1710 19.]
1146 1674 1224 1697 non
1245 1660 1374 1697 conti-

82 1710 187 1747 nuit.
224 1713 281 1747 Tu
303 1713 470 1757 Portum,
497 1713 640 1749 talium
662 1715 938 1761 exemplorum
960 1727 1148 1763 promum
1175 1716 1373 1761 cundum,

81 1766 255 1802 consule.
282 1767 460 1805 WESS.

192 1817 335 1860 CAP·
353 1819 528 1860 JYC'JX.
563 1836 598 1860 2.
627 1822 802 1870 Ἐρετριέων
825 1824 916 1860 πέντε
936 1821 1103 1872 τριήρεας)
1138 1826 1220 1861 Hoc
1245 1824 1368 1861 etiam

81 1875 317 1925 indignatur
335 1878 551 1914 Plutarchus
571 1879 612 1913 T.
632 1879 680 1914 ΙΙ.
702 1891 739 1924 p.
764 1879 854 1915 861.
876 1892 910 1914 Β.
936 1880 1161 1915 Herodotum
1181 1880 1224 1915 in
1248 1885 1371 1916 trans-

82 1942 201 1967 cursu
222 1936 380 1967 tantum
398 1933 652 1970 Eretriensium
672 1932 804 1968 fecisse
824 1932 1089 1978 mentionem,
1110 1933 1280 1970 illorum
1301 1951 1372 1971 πα-

84 1984 342 2033 ρασιωπήσαντα
360 1987 454 2029 μέγα
475 1985 676 2034 κατόρθωμα
698 1990 756 2024 καὶ
778 1985 937 2030 αόίὲιμσν.
977 1987 1046 2024 His
1075 1989 1258 2036 proxima
1286 1991 1372 2026 Plu-

82 2040 201 2075 tarchi
218 2040 325 2077 hunc
349 2041 392 2076 in
410 2041 574 2077 modum
591 2040 739 2088 partim
765 2053 811 2077 ex
839 2041 960 2079 Codd.
983 2044 1157 2079 sananda
1183 2049 1298 2088 sunt,
1325 2049 1372 2080 ut

83 2094 260 2143 legatur:
291 2093 348 2136 ἤδη
365 2094 454 2144 γάρ,
484 2095 615 2144 aio-nepe)
635 2097 695 2138 τῆς
717 2095 841 2139 Ἰωνίας
866 2099 1130 2143 συγκεχυμένης,
1162 2101 1221 2135 καὶ
1246 2096 1370 2136 στόλου

84 2149 263 2191 βασιλικοῦ
280 2151 533 2198 προσπλέοντος,
557 2148 808 2193 α’παντῆσαντες
833 2149 897 2194 ἔξω
919 2154 1080 2200 Κυπρίους
1100 2153 1128 2190 ἔν
1147 2153 1198 2200 τῷ
1218 2159 1373 2196 Παμφυ-

86 2204 144 2249 λίῳ
168 2201 307 2246 πελάγει
335 2202 657 2250 κατεναυμάχησαν.
701 2205 804 2241 Hinc
829 2205 898 2240 illi
925 2205 1146 2257 dicuntur,
1181 2207 1370 2244 Sardium

84 2257 259 2304 acropoli
290 2258 445 2295 incluso
471 2259 747 2307 Artapherne,
778 2258 836 2299 τήν
862 2258 1018 2300 Μιλήτου
1036 2263 1140 2299 λῦσαι
1159 2263 1371 2311 πολιορκίαν

84 2315 205 2359 atque
224 2311 296 2349 ista
327 2320 482 2360 praeter
507 2321 652 2350 ceteros
674 2325 852 2350 narrasse
878 2314 1054 2351 traditur
1071 2318 1256 2366 Lysanias
1274 2317 1374 2353 Mal-

84 2364 196 2402 lotes.
238 2367 423 2404 Miletum
449 2369 521 2404 hoc
545 2369 719 2405 articulo
750 2369 940 2416 temporis
970 2381 992 2404 a
1018 2371 1141 2407 Persis
1167 2370 1373 2407 obsidione

85 2419 277 2466 cinctam,
310 2423 360 2458 ab
387 2423 680 2460 Eretriensibus
712 2423 924 2459 liberatam
952 2425 1059 2471 quod
1087 2424 1251 2470 scribit,
1277 2425 1373 2462 fides

85 2473 137 2510 sit
158 2486 273 2522 penes
291 2482 506 2514 auctorem.
536 2477 764 2515 Secundum
785 2479 1011 2515 Herodotum
1034 2479 1155 2515 etiam
1172 2480 1374 2518 Eretrien-

84 2539 139 2566 ses
161 2529 204 2565 in
221 2530 358 2567 Asiam
379 2532 606 2569 militatum
622 2532 839 2570 veniebant
856 2532 900 2569 in
922 2533 1092 2582 gratiam
1108 2534 1374 2577 Milesiorum,
