1718 2919
333 195 415 243 276
625 189 1379 231 ADNOTATIONES

335 295 441 344 quod
479 295 672 343 pluribus
707 294 839 330 verbis
868 294 1091 341 declaravi,
1123 297 1234 333 donec
1271 310 1311 333 eo
1338 302 1482 332 ventum
1511 301 1567 340 est
1600 301 1640 333 ut

333 354 427 388 velut
449 353 488 387 in
508 351 615 387 turba
635 352 691 386 vir
709 352 825 386 virum
846 357 1041 398 premeret,
1074 351 1232 388 brevius
1252 351 1384 387 dicere
1405 358 1612 399 potueram
1627 377 1638 396 ,

333 408 543 449 donec-Viam
567 409 606 442 in
631 419 756 442 manus
786 406 887 442 etad
914 407 1058 454 gladios
1076 420 1204 456 pugna
1229 409 1345 443 venit:
1371 407 1465 442 coll.
1490 408 1635 446 Liu.11.

334 463 397 506 46.
420 468 460 498 et
476 461 535 496 ibi
564 461 747 497 virorum
769 461 978 496 doctorum
1007 462 1234 499 observatis.
1276 464 1379 499 Cum
1404 474 1483 510 qua
1510 463 1638 498 inter-

332 516 556 564 pretatione
592 522 756 564 perapte
796 516 1004 559 cohaeret,
1045 517 1150 565 quod
1181 517 1375 552 continuo
1412 516 1633 562 adiicitur,

329 573 459 608 etenim
476 573 608 609 Persae
633 572 759 608 hastas
782 572 1001 607 Graecorum
1022 570 1148 619 (quae
1170 583 1312 619 nempe
1331 571 1414 608 suis
1435 571 1631 621 longiores

329 626 468 675 crant)
493 627 655 663 manibus
672 627 871 675 prehensas
883 625 1084 675 fregerunt
1097 656 1107 672 ‚
1130 627 1211 664 sive
1227 625 1438 676 fregerant.
1466 623 1540 677 5.]

383 679 478 733 [12.
509 682 624 730 Quod
651 681 699 717 de
718 683 838 719 Persis
859 681 1055 717 scribitur
1081 680 1263 720 ἄνοπλοι
1285 680 1314 719 δὲ
1332 680 1456 725 ε’ὀντες,
1479 684 1631 720 inermes

328 737 554 774 reddiderat
587 739 717 780 Valla,
748 748 819 772 nec
839 737 961 772 aliter
986 738 1144 774 Gronov.
1169 743 1207 773 et
1236 738 1364 774 lVess.
1407 737 1601 786 Equidem
1619 764 1630 782 ‚

326 795 449 830 leviter
478 799 585 829 erant
611 795 760 829 armati.
791 791 1051 829 Commodius
1085 799 1181 840 puto
1210 792 1465 832 redderetur,
1494 795 1632 842 clypeis

325 856 432 885 erant
454 849 595 884 nudati.
628 847 732 884 conf.
749 860 834 895 cap.
857 847 928 891 65,
955 846 1160 885 10.‘'O717.w
1189 847 1297 883 enim
1318 847 1530 897 sigillatim
1550 851 1630 899 cly-

320 918 428 953 peum
446 902 624 952 intelligi
645 908 787 938 notum
807 909 886 939 est:
916 908 976 948 et,
999 914 1131 939 everso
1151 916 1172 938 a
1191 902 1348 940 Graecis
1376 903 1484 940 vallo
1503 914 1524 939 e
1546 904 1629 951 cly-

325 959 408 1007 peis
426 964 628 1008 congesto,
655 957 786 994 otium
806 958 930 994 Persis
946 970 1025 994 non
1045 958 1314 1006 suppetierat,
1337 971 1419 1006 quo
1439 958 1628 1006 clypeum

324 1014 499 1062 quisque
524 1026 644 1050 suum
678 1019 884 1061 repeteret.
930 1016 979 1050 Et
1006 1019 1121 1050 erant
1148 1013 1311 1061 quidem
1343 1015 1476 1049 Persae
1504 1013 1627 1050 etiam

324 1068 450 1106 lorica
479 1072 730 1116 squannnata
747 1095 756 1112 ⁷
785 1068 897 1116 (VH.
919 1069 991 1113 61,
1016 1069 1035 1104 5
1052 1080 1132 1116 seq.
1163 1074 1201 1104 et
1234 1068 1293 1104 ibi
1318 1066 1490 1115 Adnot.)
1523 1080 1627 1117 quae

323 1136 387 1161 eos
405 1125 638 1168 tutabatur,
659 1123 811 1160 induti.
841 1123 912 1160 Sed
930 1135 972 1159 ea
993 1123 1114 1160 lorica
1137 1124 1280 1172 utique
1303 1136 1382 1160 non
1403 1124 1524 1173 vulgo
1543 1137 1629 1160 om·

323 1179 446 1216 nibus
469 1178 648 1214 eiusdem
668 1178 822 1228 generis
844 1178 1022 1228 intelligi
1043 1179 1159 1215 debet
1184 1180 1329 1218 fuisse,
1359 1179 1475 1215 cuius
1497 1179 1630 1216 suerat

324 1234 398 1270 illa
419 1233 587 1271 Masistii
617 1233 753 1277 ducis,
776 1247 897 1281 supra
922 1244 955 1269 e.
979 1247 1041 1269 22.
1065 1234 1259 1281 descripta
1275 1261 1284 1271 .
1308 1240 1380 1270 ant
1405 1234 1540 1282 qualis
1566 1247 1629 1270 ca·

326 1289 627 1337 taphractorum
648 1288 837 1337 equitum
859 1290 998 1325 thorax
1015 1289 1121 1336 apud
1144 1291 1334 1327 Heliodor.
1361 1289 1431 1325 lib.
1452 1291 1519 1326 lx.
1541 1302 1629 1338 pag.

324 1345 417 1390 2331.
442 1355 583 1381 verum
607 1344 663 1380 ita
689 1343 830 1380 debuit
847 1355 925 1380 esse
953 1350 1203 1392 comparata,
1234 1353 1277 1381 ut
1303 1344 1630 1389 Lacedaemonii,

324 1412 397 1448 pro
417 1411 487 1435 sua
517 1399 699 1449 gladium
731 1399 927 1435 tractandi
957 1400 1172 1436 dexteritate
1187 1428 1196 1444 ,
1226 1398 1358 1448 (quae
1376 1399 1546 1435 illorum
1569 1416 1628 1438 σο·

323 1458 387 1497 ,βία
410 1455 532 1502 paulo
559 1460 644 1502 post
670 1456 735 1491 lin.
759 1454 818 1492 13.
847 1454 1084 1501 laudat11r‚)
1110 1454 1215 1490 haud
1236 1466 1349 1503 aegre
1371 1455 1413 1489 in
1436 1462 1630 1502 opportu-

324 1510 386 1546 nis
409 1509 586 1558 corporis
615 1510 799 1557 partibus
824 1510 945 1550 ferire
966 1509 1450 1558 adversariospotuerint.
1494 1513 1630 1558 Atque

323 1565 512 1601 dubitare
544 1564 666 1600 etiam
695 1565 807 1609 licet,
840 1577 1044 1602 revera-ne
1073 1565 1252 1613 Scriptor
1283 1573 1416 1601 noster
1448 1567 1531 1602 VII.
1563 1566 1630 1601 61.

311 1618 477 1669 ferream
491 1622 641 1657 loricam
667 1619 796 1655 dixeri
806 1626 831 1656 t.
860 1617 931 1671 8.]

435 1673 582 1715 CAP·
597 1673 783 1713 LXIII.
805 1677 842 1714 6.
861 1677 1148 1715 κατέβαλλον
1170 1673 1340 1718 πολλαὶς)
1363 1674 1443 1712 Etsi
1468 1685 1530 1709 me
1550 1673 1628 1710 mi-

323 1735 435 1771 nime
452 1730 605 1780 fugiat,
638 1730 859 1778 pristinum
884 1731 1130 1779 patrocinio7
1154 1731 1186 1766 si
1210 1725 1334 1767 rixari
1369 1730 1511 1768 libeat.
1546 1742 1633 1766 non.

321 1789 463 1833 defici,
493 1792 731 1832 consuetum
752 1786 867 1822 nolui
900 1794 938 1822 et
963 1786 1196 1822 schedarum
1228 1785 1475 1834 praeiudicio
1496 1791 1628 1832 prote-

323 1851 433 1882 ctum
454 1841 644 1880 abiicere.
673 1840 774 1878 Satis
791 1842 869 1878 erit
890 1842 961 1877 hoc
982 1843 1078 1878 Plut.
1095 1841 1264 1877 Aristid.
1290 1854 1374 1890 pag.
1398 1840 1488 1889 329.
1511 1854 1542 1876 F.
1561 1843 1630 1884 τοῖς

324 1899 438 1947 δόρασι
464 1900 642 1939 τύπτοντες
671 1895 839 1944 πρόσωπα
863 1899 921 1934 καὶ
951 1896 1068 1943 στέρνα
1095 1897 1160 1933 τῶν
1194 1897 1346 1944 Περσῶν,
1381 1893 1526 1937 πολλοὺς
1551 1911 1627 1932 κοι-

326 1954 567 1995 τέβαλλον.
591 1952 778 1990 WESS.
800 1972 849 1978 —
891 1954 1034 2003 Polybii
1067 1953 1146 1987 loca
1178 1951 1218 1986 in
1256 1952 1357 1987 hauc
1384 1949 1627 1986 sententiam

326 2009 506 2058 plurima
528 2013 707 2057 congesta
723 2007 894 2054 reperies
912 2007 954 2042 in
977 2006 1105 2042 Lexic.
1124 2007 1256 2054 Polyb.
1281 2019 1316 2054 p.
1336 2006 1426 2041 325.
1441 2005 1515 2040 col.
1533 2005 1564 2040 b.
1580 2003 1626 2042 S.

382 2079 432 2114 9-
449 2077 460 2099 1
477 2078 510 2101 1.
538 2066 694 2100 πλεῖστον
723 2060 790 2110 γάρ
812 2071 915 2104 σφεας
936 2060 1079 2102 ἐδηλέετο
1098 2064 1198 2110 etc.)
1231 2061 1311 2108 Qui
1334 2059 1544 2096 criminari
1564 2071 1628 2109 ge-

325 2119 481 2164 stiunt,
513 2119 757 2166 plerumque
782 2116 978 2152 excedunt
1006 2116 1181 2154 modum.
1226 2116 1365 2163 Carpit
1385 2115 1628 2159 Plutarchus,

323 2174 481 2222 alioqui
499 2174 652 2220 optime
670 2185 837 2222 gnarus,
868 2171 1013 2213 γυμνούς
1039 2175 1096 2207 uxi
1117 2170 1303 2214 οέιόπλους,
1330 2182 1428 2219 quos
1453 2169 1536 2217 ipse
1558 2170 1628 2205 ha-

324 2232 391 2266 het
405 2232 447 2266 T.
467 2230 512 2266 ΙΙ.
532 2242 568 2276 p.
588 2230 679 2275 787.
701 2243 732 2265 ι’.
748 2256 758 2273 ‚
785 2238 920 2263 onmes
946 2226 1171 2274 perhiberi,
1196 2226 1304 2275 gravi
1334 2233 1537 2261 armatura
1558 2224 1626 2260 de·

324 2286 456 2322 sectos,
514 2284 625 2320 Tales
661 2285 815 2329 Persae,
853 2293 1029 2329 quorum
1064 2294 1174 2330 gerra
1209 2281 1363 2316 dudum
1401 2279 1626 2328 perierant,

324 2343 567 2378 Graecorum
595 2339 770 2386 clypeis,
804 2337 838 2374 si
873 2338 980 2373 salva
1014 2336 1204 2381 fuissent,
1239 2347 1451 2383 nunquam
1480 2347 1629 2382 conpa-

325 2395 462 2431 randa.
492 2396 572 2430 Hoc
588 2394 793 2442 amplius,
817 2391 977 2430 tunicae
1000 2391 1163 2429 talares,
1195 2403 1276 2439 quo
1303 2392 1439 2426 minus
1467 2388 1626 2437 expedi-

326 2450 406 2487 tius
427 2456 652 2498 pugnarent
669 2450 821 2494 Persae,
851 2447 1130 2497 inpedimento
1152 2452 1279 2485 erant.
1309 2449 1464 2484 Verum
1488 2443 1551 2482 his
1565 2454 1628 2488 ae·

322 2505 644 2555 griusinmoror.
677 2504 851 2546 WESS.
