1718 2919
292 190 387 230 AD
432 189 1201 243 HER0D0T2V111.14-17.
1347 193 1395 241 8⁷

106 310 207 342 v111,
225 296 262 333 5.
279 295 550 333 ostenderunt.
578 296 620 332 Id
638 308 730 333 vero
754 297 918 343 dubito,
946 298 1067 335 sit-ne
1093 299 1255 348 vulgato
1287 294 1398 348 [lin.

109 348 179 402 6.]
213 349 292 394 τοὶς
327 349 467 393 αὖτοές
499 349 665 395 ταύτας
689 352 854 400 ἡμέρας
888 351 952 395 τα’ς
977 369 1019 390 τε
1056 356 1249 399 ναυμαχίας
1277 353 1397 390 Codi-

107 405 164 443 cis
193 406 311 444 Arch.
342 405 550 453 posterius.
596 406 763 454 Negabit
796 407 996 454 Scriptor,
1025 408 1177 455 quippe
1206 408 1279 445 lib.
1309 409 1399 446 VII.

116 461 206 498 151.
224 459 385 509 Ἀργείους
409 457 461 508 δὲ,
483 459 540 497 τὸν
561 459 663 498 αὔτὸν
688 463 800 499 τοῦτον
822 460 934 508 χρόνον
957 463 1167 507 πέμψαντας
1185 466 1243 499 καὶ
1264 460 1398 507 τούτους

107 522 176 553 etc.
205 515 457 552 consimilem
482 514 525 550 in
546 515 723 551 modum.
756 517 930 553 WESS.
958 537 1008 543 --
1049 518 1397 564 Peropportunum

104 569 300 619 inprimis
318 569 426 606 illud
446 574 502 606 est
520 568 583 612 τοὶς
601 586 643 607 τε
668 586 768 610 ναυμ.
790 571 896 618 quod
917 583 963 606 ex
988 572 1103 608 Arch.
1121 571 1333 616 laudatur,
1348 572 1399 608 de

106 638 189 674 quo
211 624 256 661 in
286 626 377 661 Var.
395 627 496 661 Lect.
515 635 675 660 monere
694 626 955 674 neglexeram.
985 628 1102 663 Nunc
1125 625 1252 674 ipsam
1278 626 1396 663 illam

103 695 140 719 τε
161 679 403 728 particulam
430 679 473 714 in
492 684 721 715 contextum
744 686 941 728 receptam
965 681 1088 717 velim
1102 707 1112 727 ‚
1140 685 1187 717 ut
1201 680 1255 717 sit
1274 679 1336 724 τοὶς
1352 697 1396 719 τε

108 735 303 781 ναυμαχίας
320 755 338 762 -
355 755 373 762 -
389 736 446 771 καὶ
469 733 531 776 τοὶς
549 734 772 779 πεζομαχίας.
804 734 849 773 S.
1241 763 1244 766 -

162 801 183 835 7
205 802 300 838 seqq.
324 784 360 829 ἦν
388 786 419 826 δὲ
448 789 518 831 παῖς
552 789 569 826 o‘
596 787 686 831 α’γών
722 788 816 838 etc.)
855 789 1045 827 Studium
1079 792 1321 827 Graecorum
1350 789 1395 825 in

104 843 252 891 Euripi
279 848 319 879 et
341 843 699 892 Thermopylarum
728 845 922 894 angustiis
943 845 1200 881 defendendis
1214 870 1224 889 ‚
1247 849 1286 880 et
1305 856 1396 880 con—

105 898 273 934 trariam
290 900 495 934 Persarum
517 898 812 936 contentionem
833 901 929 936 hinc
942 901 1124 938 Diodorus
1140 901 1208 937 XI.
1227 912 1240 934 1
1252 899 1288 936 3.
1307 911 1397 935 mu-

106 958 244 990 tuatus
263 959 332 989 est.
359 954 538 991 WESS.

216 1005 361 1046 CAP.
385 1006 525 1046 XV'I.
561 1010 581 1043 8
600 1022 670 1057 seq.
694 1007 796 1052 αὐτ-ὂς
816 1008 873 1046 ὑπ’
900 1010 1023 1047 ἑωῦτιιίῖ
1045 1006 1168 1046 ε”πιπτε
1190 1004 1289 1059 etc.)
1317 1012 1399 1045 An-

104 1065 246 1113 gustias
262 1064 355 1099 enim
375 1063 629 1099 Themistocles
653 1060 777 1113 (inter
798 1064 972 1100 Euboeam
996 1066 1301 1113 continentemque
1327 1070 1398 1099 ter-

106 1114 208 1168 ram)
225 1119 448 1167 quaesiverat
459 1147 469 1163 ,
487 1133 530 1154 ne
543 1119 767 1154 multitudine
779 1121 919 1155 navium
931 1121 1176 1154 circumiretur
1188 1145 1198 1163 ,
1217 1129 1321 1166 quae
1335 1129 1399 1153 ne.

104 1183 185 1220 que
204 1172 294 1208 illic
313 1172 506 1220 explicari
527 1172 679 1221 potuit:
707 1173 818 1210 Corn.
831 1175 954 1222 Nepos
970 1174 1014 1208 in
1028 1173 1164 1209 Them.
1180 1173 1335 1211 VALC
1347 1175 1398 1209 K.

166 1240 202 1277 9.
230 1227 509 1276 περιπιπτουσέων
538 1229 634 1275 περὶ
674 1226 909 1276 αλλήλοις)
945 1228 1025 1276 Qui
1062 1227 1398 1275 praepositionem

105 1281 274 1330 insuper
295 1281 439 1318 habuit
462 1282 578 1321 Arch.
598 1281 726 1318 scriba
741 1308 751 1327 ,
775 1280 890 1322 α’λλῆ
904 1293 1004 1326 λαις
1033 1282 1215 1327 fortasse,
1235 1295 1314 1319 non
1336 1282 1400 1318 in·

103 1348 261 1373 memor
278 1336 480 1373 similium
507 1335 709 1385 (quorum
728 1337 817 1373 data
840 1338 1034 1385 quaedam
1063 1337 1137 1373 lib.
1152 1339 1181 1374 Ι.
1211 1336 1326 1386 108.)
1353 1337 1397 1373 in

102 1391 250 1437 Musis,
280 1391 442 1428 maluit.
481 1391 553 1428 Sed
575 1397 693 1437 recte,
726 1392 776 1427 ab
801 1391 886 1440 ipso
916 1393 1091 1441 neglecta
1113 1403 1209 1435 voit,
1239 1391 1283 1427 in
1307 1392 1399 1428 tali-

103 1447 180 1482 hus
209 1445 329 1482 adest.
372 1447 587 1494 Exempla,
616 1446 648 1482 si
680 1446 979 1491 desiderentur,
1014 1458 1060 1482 ex
1090 1446 1282 1482 Abreschii
1313 1446 1399 1483 Dil.

103 1499 280 1548 Thucyd.
308 1500 383 1536 lib.
411 1503 479 1538 VI.
504 1502 566 1537 55.
590 1500 696 1536 sumi
723 1507 898 1548 possunt.
927 1501 1107 1541 WESS.
1135 1521 1187 1527 —
1232 1499 1400 1543 οέλλήλαις

104 1556 267 1592 Reiskius
288 1554 500 1603 legendum
529 1561 746 1592 censuerat.
774 1554 818 1592 S.

215 1607 360 1653 CAP.
387 1607 558 1648 XVII.
584 1623 596 1645 1
619 1623 715 1659 seqq.
744 1609 797 1647 Ἐν
816 1607 922 1658 ταύτῃ
939 1611 986 1658 τῇ
1013 1611 1185 1657 ναυμαχίῃ
1205 1606 1301 1657 etc.)
1335 1608 1397 1644 Ad

102 1664 197 1701 haee
221 1664 510 1712 comparandus
539 1671 596 1701 est
622 1665 776 1701 Diodor.
797 1666 933 1701 Siculus
959 1666 1026 1702 XI.
1051 1677 1137 1712 cap.
1168 1664 1248 1709 13„
1284 1663 1397 1699 iuxta

106 1730 230 1767 quem
247 1718 439 1767 ἀριστεῦσαι
459 1719 488 1756 ἓν
507 1718 715 1766 ἀμφοτέραις
729 1722 804 1762 ταῖς
824 1722 1031 1765 ναυμαχίαις
1048 1721 1132 1763 φασὶ
1148 1718 1243 1766 πικροὶ
1256 1721 1314 1760 μὲν
1333 1721 1400 1761 τοῖς

100 1771 261 1814 Ἕλλησιν
283 1772 485 1817 Ἀθηναίους,
514 1772 609 1822 παραὶ
632 1771 662 1810 δὲ
683 1777 747 1816 τοῖς
773 1772 948 1822 βαρβάροις
973 1771 1154 1816 Σιδωνίους.
1189 1775 1234 1809 In
1255 1772 1401 1809 carmi·

104 1840 157 1865 ne
176 1829 357 1866 Pindarus
375 1828 580 1877 deperdito
600 1829 865 1865 celebraverat
889 1826 931 1865 τδ
960 1826 1068 1866 καλδν
1093 1826 1318 1876 Ἀρτεμίσιον,
1352 1824 1399 1864 ἴθι

105 1879 222 1926 παῖδες
238 1881 410 1923 Ἀθηναίων
432 1882 587 1924 ἐβάλοντο
616 1881 756 1927 Φαεννοέν
775 1879 904 1929 κρηπῖδ’
923 1882 1105 1930 ἐλευθερίας.
1143 1882 1298 1919 Excitat
1324 1881 1399 1923 ista

105 1938 295 1975 Plutarch.
308 1940 349 1977 T.
372 1939 418 1974 II.
439 1952 478 1986 p.
501 1938 591 1975 552.
611 1952 644 1974 B.
668 1943 706 1974 et
724 1936 825 1974 alibi
848 1938 940 1985 plus
957 1937 1092 1974 semel.
1120 1936 1401 1973 Themistocles

106 1993 282 2032 Aristidis
299 1994 343 2031 Τ.
359 1994 423 2030 III.
443 2006 528 2042 pag.
550 1993 570 2029 5
583 2006 642 2030 10.
659 1992 706 2028 ad
727 1992 995 2028 Artemisium
1015 1989 1096 2028 δυοῖν
1119 1994 1324 2036 ναυμαχίαιν
1345 1987 1398 2029 δύο

109 2044 217 2087 ἵστησι
234 2045 382 2096 τρόπαια
394 2073 405 2090 ,
426 2069 444 2077 -
461 2068 479 2076 -
495 2068 513 2076 -
533 2047 573 2090 ὥς
598 2056 676 2089 Φιτσι
696 2044 874 2094 Πίνδαρος,
894 2043 1038 2095 κρηπῖδα
1057 2047 1116 2089 τῆς
1142 2046 1313 2093 ἐλευθερίας
1330 2048 1399 2087 τοῖς

99 2096 244 2142 Ἕλλησι
271 2101 466 2145 βαλόμενος.
498 2104 577 2141 VA
585 2105 614 2139 L
623 2104 652 2139 C
663 2104 711 2140 K.

169 2154 205 2192 5.
223 2159 366 2199 Κλεινίης
385 2157 403 2195 o‘
419 2154 665 2205 Ἀλκιβιάδεω)
688 2157 883 2194 Cliniam
902 2156 1118 2193 Plutarchus
1135 2153 1264 2202 princ.
1280 2153 1400 2191 Vitae

108 2209 311 2248 Alcibiad.
330 2210 499 2261 ἰδιοστόλῳ
521 2212 634 2260 τριήρει
653 2211 702 2247 ad
726 2211 994 2248 Artemisium
1026 2222 1167 2259 magna
1193 2210 1312 2245 laude
1336 2208 1403 2244 de-

108 2276 302 2314 pugnasse
327 2265 468 2304 itidem
490 2266 685 2315 prodidit,
715 2272 755 2302 et
787 2271 940 2314 patrem
966 2265 1132 2314 quidem
1154 2262 1398 2300 nobilissimi

107 2318 332 2356 Alcibiadis
344 2346 354 2365 ‚
385 2321 623 2368 prosessione
643 2333 723 2357 non
741 2321 926 2357 absurda.
956 2318 1155 2369 Congruit
1173 2325 1399 2366 temporum

109 2374 227 2410 ratio.
257 2375 500 2422 Supremam
526 2376 634 2412 diem
662 2376 890 2412 Alcibiades
915 2374 1018 2411 obiit
1039 2375 1202 2422 Olymp.
1225 2386 1338 2416 xmv,
1369 2385 1401 2409 ι.

109 2429 218 2478 apud
247 2431 446 2468 Diodorum
474 2433 582 2471 XIV.
611 2444 696 2477 10.,
716 2443 841 2468 annos
858 2430 1019 2467 circiter
1044 2428 1308 2479 quadraginta
1332 2439 1403 2463 na-
