1718 2919
300 221 398 264 AD
439 224 847 264 HERODOT.
887 225 1032 266 v111.
1062 237 1221 277 41-44.
1339 227 1411 279 ἰη

129 333 261 366 nostro
288 330 470 376 exemplo
502 329 774 366 animadverto
797 345 803 363 :
841 329 945 377 quod
973 342 1018 366 eo
1051 342 1213 376 moneo,
1246 342 1296 367 ne
1324 331 1415 380 quis

68 426 72 427 ⁷
126 383 235 420 illud
263 390 333 420 aut
357 384 538 420 consulto
557 389 627 419 aut
647 389 792 420 temere
818 385 1139 432 praetermissum
1161 398 1182 421 a
1203 385 1316 422 nobis
1334 386 1416 422 exi·

127 438 274 476 stimet.
303 438 403 474 Satis
420 445 553 474 autem
575 439 706 480 fuerat
721 446 894 487 punctum
913 442 1048 484 minus;
1079 451 1149 476 nec
1174 443 1300 477 maiori
1317 452 1416 488 opus

123 498 221 529 erat.
247 491 315 539 S.]

127 569 130 573 ·
188 560 225 593 7.
252 546 310 586 niv
336 549 511 594 περαίην
539 548 598 589 τῆς
622 543 808 597 Βοιωτίας)
836 547 947 584 Unde
980 549 1155 590 Pieriam,
1181 549 1343 595 qualem
1369 548 1413 583 in

127 601 285 641 Boeotia
316 614 395 637 non
429 601 547 646 novi,
575 601 769 648 acceperit
793 603 922 647 Valla,
957 603 1049 638 satis
1071 613 1180 637 nunc
1204 602 1248 637 in
1267 608 1415 650 aperto.

93 650 101 659 ⁵
131 658 255 704 Περαίκ
271 657 331 698 τῖς
345 658 517 699 Βοιωτίοις,
541 668 642 703 quae
660 662 796 692 contra
813 656 1043 693 Chalcidem
1063 657 1108 692 in
1124 656 1307 704 Boeotiae¹
1325 657 1418 693 fini-

127 711 223 761 bus3
242 710 468 746 cuiusmodi
486 713 606 758 περαῖσι
624 711 683 752 τῆς
696 710 809 753 Ἀσίας
827 712 989 748 Diodoro
1005 713 1093 749 XX.
1108 724 1171 760 97.
1192 711 1310 747 Asiae
1327 724 1418 747 con·

129 765 297 801 tinentis
318 764 424 813 regio
436 791 445 809 ‚
460 776 507 799 ex
520 764 727 800 adversum
744 765 921 802 insulam
941 766 1147 810 Rhodum,
1165 766 1300 803 Peraea
1311 766 1417 814 apud

129 821 269 858 Livium
292 819 363 856 lib.
384 821 542 856 XXXII.
567 820 628 855 13.
654 820 837 858 WESS.

192 887 238 910 10
260 888 331 923 seq.
357 876 551 916 Πελασγοὶ,
583 873 833 919 οὕνομαξόμενσι
855 870 1030 924 Κραναοὶ)
1061 875 1169 911 Clar.
1191 875 1236 911 G.
1258 876 1419 911 Koenius

128 929 175 964 in
209 928 356 965 litteris
384 928 431 963 ad
462 939 525 963 me
555 928 675 969 datis,
704 931 843 973 Multa,
877 929 1035 973 scribit,
1064 936 1147 965 sunt
1178 931 1217 965 in
1245 930 1300 966 his
1330 943 1418 979 quae

129 997 182 1019 me
212 984 408 1032 offendunt.
437 983 557 1019 Primo
595 984 803 1020 Cranaos
844 985 958 1021 dictos
984 982 1104 1030 fuisse
1138 983 1200 1020 sub
1229 985 1417 1033 Pelasgis5

116 1039 255 1079 ¹deinde
274 1051 355 1074 vero
377 1038 665 1086 Cecropidas3
687 1052 790 1086 quum
808 1039 959 1087 Cecrops
977 1039 1158 1076 Cranaum
1176 1045 1295 1075 aetate
1309 1052 1418 1087 prae-

129 1095 289 1129 cesserit.
315 1093 412 1142 Quid
430 1094 612 1141 scripserit
631 1093 857 1138 Herodotus,
879 1094 1024 1130 Codices
1030 1092 1137 1140 sorte
1154 1093 1420 1130 monstrabunt.

122 1148 281 1185 -Interim
301 1149 404 1183 velim
427 1148 647 1191 consideres,
667 1161 748 1183 num
768 1148 832 1183 tibi
851 1149 1060 1196 displiceat:
1084 1149 1136 1184 ἐπὶ
1153 1150 1212 1190 μὲν
1231 1149 1417 1190 Πελασγῶν

131 1224 149 1233 ·
166 1226 183 1234 -
200 1226 215 1233 -
240 1201 320 1240 ἕσαν
340 1204 511 1243 Πελασγοὶ
536 1200 782 1247 ὅνομαξόμενω·
807 1202 858 1239 ἐπὶ
890 1200 920 1239 δὲ
943 1204 1107 1250 Κέκροπος
1135 1203 1296 1245 βασιλ-ἧος
1323 1199 1420 1242 ἐκλή-

121 1257 242 1294 θης-σιν
257 1253 467 1303 Κεκροπίδαι·
487 1259 545 1293 καὶ
565 1257 631 1292 ἐπὶ
654 1257 853 1303 Κραναοῦ
870 1258 1025 1304 Κραναοί.
1056 1255 1240 1292 Dubium
1262 1269 1342 1292 non
1361 1262 1418 1292 est

131 1311 234 1359 quin
261 1309 335 1346 ista
369 1310 524 1346 ratione
555 1321 644 1346 vere
676 1311 892 1359 scripsisset
925 1313 1158 1356 Herodotum
1193 1311 1277 1356 sed,
1310 1311 1415 1359 quod

124 1366 174 1406 ‚in
198 1365 342 1402 nostris
371 1370 428 1400 est
449 1365 767 1413 exemplaribus,
799 1365 842 1401 in
870 1378 941 1402 suo
967 1368 1139 1417 Scymnus
1167 1366 1276 1403 Chius
1309 1366 1420 1401 inve-

131 1421 218 1466 nit,
245 1419 360 1456 cuius
380 1419 453 1455 ista
472 1426 567 1456 sunt
596 1420 639 1455 in
666 1420 808 1469 l'erieg.
834 1433 890 1456 vs.
915 1421 1004 1457 558.
1032 1420 1129 1463 Ἓξῖς
1154 1418 1289 1462 Ἀέῆνας
1317 1423 1417 1462 &xciv

132 1473 265 1517 eiam-323
285 1477 398 1514 λαβεῖν
425 1473 478 1512 To*
503 1478 559 1516 μὲν
583 1473 779 1517 Ham-70:23·
805 1475 928 1522 πρῶτα»)
946 1500 957 1516 ,
992 1471 1045 1518 οὓς
1063 1472 1099 1514 ἓν)
1123 1477 1181 1511 καὶ
1203 1473 1304 1517 λόγος
1326 1481 1417 1523 Κροι-

132 1529 226 1572 ναοῦς
244 1531 428 1566 καλεῖσθαι·
458 1528 546 1570 μετ-οὶ
573 1525 601 1565 δὲ
621 1529 733 1565 ταῦτα,
758 1526 960 1576 Κεκροπίδκς
977 1555 987 1572 ,
1018 1535 1090 1566 etc.
1123 1534 1210 1565 tum
1226 1541 1280 1565 vs.
1301 1529 1391 1573 564.
1408 1555 1418 1574 ‚

133 1580 303 1632 Ἡρόδοτος
322 1580 479 1632 inoffi&
502 1583 616 1620 ταῦτα
633 1581 846 1630 συαγροίῶων.
864 1585 1008 1633 Scymni
1030 1583 1276 1627 testimonio,
1292 1595 1415 1632 quem

132 1643 229 1674 tunc
247 1639 473 1674 Marcianum
494 1639 705 1681 vocabant,
732 1650 826 1673 usus
854 1644 911 1674 est
928 1640 1106 1675 Meursius
1126 1637 1169 1673 in
1192 1639 1314 1686 Regn.
1332 1640 1418 1676 Att.

131 1706 170 1741 p.
191 1693 253 1730 50.
278 1694 342 1730 68.
359 1702 446 1736 124.
468 1704 598 1740 neque
618 1691 753 1727 omisit
771 1692 848 1728 huc
865 1693 1081 1740 spectantia
1098 1694 1281 1729 Eustachii
1298 1694 1418 1730 verba

130 1748 177 1783 in
199 1749 354 1798 Dionys.
372 1761 427 1785 vs.
448 1747 539 1790 425.
559 1747 717 1783 VALC
731 1749 778 1782 K.
800 1767 850 1773 —-
889 1748 947 1784 De
965 1749 1239 1784 Atheniensium
1264 1748 1419 1797 origine

129 1803 321 1852 Pelasgica
346 1803 450 1839 conf.
471 1802 543 1838 lib.
570 1804 599 1839 Ι.
621 1814 654 1838 c.
680 1802 742 1837 56.
767 1807 806 1837 et
826 1801 906 1838 alia
935 1802 1068 1839 Nostri
1095 1803 1178 1838 loca
1208 1803 1267 1838 ibi
1298 1803 1418 1839 citata

129 1857 176 1895 in
196 1857 345 1894 Aduot.
369 1857 417 1894 ad
443 1870 474 1893 c.
498 1858 569 1902 56,
601 1869 660 1893 10.
693 1855 806 1892 Adde
830 1858 885 1893 De
911 1860 949 1893 la
974 1859 1152 1894 IVAUZE
1181 1857 1223 1893 in
1252 1860 1354 1895 Hist.
1377 1859 1419 1895 de

132 1913 280 1950 l’Acad.
297 1914 356 1949 des
376 1914 546 1961 Inscript.
573 1913 618 1949 T.
634 1913 773 1949 XXIII.
794 1924 831 1959 p.
853 1925 864 1946 1
878 1913 923 1948 25
945 1923 1024 1959 seq.
1055 1908 1100 1948 S.

192 1980 253 2004 11.
282 1966 532 2014 οὖνομκξόμενσι
561 1962 737 2015 Κραναοὶ)
775 1967 830 2002 Ιο.
853 1968 1069 2010 Meursium,
1102 1967 1194 2004 haec
1224 1967 1309 2004 loco
1336 1980 1415 2003 non

132 2034 202 2059 suo
219 2021 395 2069 deposita
421 2021 683 2067 arbitratum,
704 2021 747 2056 in
769 2021 951 2057 ordinem
979 2022 1179 2059 Gronovius
1208 2023 1333 2072 coe'git
1354 2022 1419 2058 iu-

130 2076 320 2120 stissime;
347 2076 438 2113 addi
460 2082 664 2124 potuerat,
696 2076 802 2123 quod
835 2076 1026 2113 Bouherius
1047 2077 1149 2114 Diss.
1181 2078 1362 2115 Herodot.
1383 2089 1416 2114 c.

132 2144 170 2181 9.
184 2143 269 2180 pag.
298 2145 362 2182 99.
387 2131 553 2168 tacitum
581 2144 661 2167 non
694 2130 862 2175 habuit,
888 2131 1003 2168 valde
1031 2132 1203 2168 dubium
1234 2144 1416 2176 manere,

132 2192 274 2222 utrum
305 2198 327 2222 a
354 2198 441 2236 rege
471 2188 626 2224 Cranao
659 2185 921 2223 Athenienses
950 2187 1088 2223 Cranai
1120 2187 1276 2223 fuerint
1315 2187 1415 2223 olim

133 2241 357 2288 nuncupati
373 2258 380 2284 3
398 2254 448 2277 an
469 2241 602 2290 potius
614 2268 624 2285 ‚
643 2241 749 2289 quod
767 2252 945 2289 asperam
964 2246 1001 2276 et
1022 2248 1215 2290 petrosam
1229 2269 1239 2287 9
1255 2241 1415 2290 κρανανῖν,

131 2294 333 2344 regionem
361 2296 572 2338 haberent,
601 2307 703 2345 quae
727 2298 894 2333 Salmasii
919 2295 1122 2342 doctrina,
1151 2296 1262 2346 Ling.
1288 2298 1418 2333 Helle-

134 2349 228 2386 nist.
251 2363 287 2397 p.
312 2349 400 2399 559.
429 2351 491 2387 Ad
519 2351 726 2388 veritatem
754 2351 918 2399 propior
943 2352 1093 2388 Berkelii
1123 2352 1271 2388 accedit
1292 2352 1419 2400 suspi-

132 2403 195 2441 cio
206 2430 216 2449 ‚
232 2404 280 2440 ad
296 2406 419 2454 Sceph.
433 2407 522 2457 Byz.
538 2406 647 2444 Ἰωνία
660 2431 671 2450 ,
699 2405 743 2441 in
762 2405 907 2442 vicinis
925 2406 1111 2443 excidisse
1132 2418 1265 2442 vocem
1284 2407 1417 2453 Ἐρεχ-

123 2456 304 2513 ,θεῒδαιε
332 2460 457 2497 fuisse
484 2461 696 2509 primitus,
717 2459 874 2501 Ἀθηναῖοι
892 2459 953 2508 'Ep
967 2458 1150 2507 εχθεῖδκι
1172 2457 1419 2511 [Ἐρεχθκιῗαι]
