1718 2919
325 253 422 294 AD
468 252 1149 303 HERODOT.V.45-49.
1328 252 1380 299 43

1369 356 1387 365 ⁶-

87 356 208 406 quale
238 355 313 399 τούς
345 357 527 405 ἐπιχειρέειν
555 357 678 393 huius
714 356 812 393 libri
847 355 975 404 princ.
1010 361 1049 392 et
1076 353 1192 392 ποέντοι
1228 353 1380 401 ἔπιχειρει

91 414 200 450 Clem.
216 415 326 450 Alex.
349 413 414 449 ΙΙΙ.
433 412 592 461 Paedag.
615 425 652 460 p.
673 412 764 456 264.
798 412 918 448 Plura
943 412 1148 447 Perizonius
1168 408 1214 445 ad
1234 409 1382 445 Aeliani

89 470 188 505 Var.
217 468 303 504 VII.
334 467 394 503 13.
424 471 464 502 et
493 469 656 504 Reiskius
679 466 896 504 Animadv.
920 465 965 501 in
994 468 1106 503 Dion.
1130 465 1381 514 Chrysostom.

89 534 129 570 p.
155 529 215 566 ¹4·
243 522 423 559 WESS.
448 542 499 547 -
529 522 642 558 Hisce
663 521 949 569 praeeuntibus
963 519 1194 557 auctoribus
1214 515 1384 563 Schaeflz-

90 590 152 613 rus
183 581 426 613 structuram
452 576 564 613 verbi
592 577 731 624 paullo
757 576 949 612 rariorem
965 604 974 620 ,
1005 588 1127 624 quam
1157 573 1240 610 cod.
1266 573 1383 609 Arch.

90 631 299 676 offerebat,
313 632 496 680 vulgatae
516 631 710 679 praetulit
726 631 960 679 scripturae.
990 630 1104 680 Quod
1123 629 1183 665 uti
1204 641 1283 664 non
1306 627 1384 662 im-

93 687 216 734 probo
238 686 410 731 sactum,
440 686 496 722 sic
525 686 572 721 de
601 686 784 734 exemplo
811 697 858 721 ex
876 685 1000 723 Musis
1020 685 1165 734 petito,
1194 683 1240 720 ad
1275 682 1383 731 quod

94 742 364 790 VVesselingius
393 742 641 788 provocavit,
675 753 837 777 monere
861 741 1003 786 debeo7
1030 739 1245 776 admodum
1274 736 1383 773 illud.

91 795 256 843 quidem
276 795 450 831 dubium
478 808 579 832 esse:
613 809 706 832 nam
726 796 833 844 quod
853 799 904 832 V.
931 808 943 830 1
961 822 970 839 ,
993 797 1029 832 8.
1049 795 1220 844 legitur,
1240 791 1333 834 τούς
1352 788 1383 829 δὲ

93 851 295 898 ἐπιχειρέειν,
315 856 386 886 aut
402 851 516 887 valde
535 850 722 900 equidem
744 851 885 896 fallor,
906 856 978 886 aut
996 849 1070 893 τούς
1090 862 1170 885 non
1192 848 1240 884 ad
1259 849 1386 884 Perin-

93 905 190 942 thios
209 905 404 949 refertur,
423 906 485 942 sed
507 906 554 942 ad
573 908 730 943 Paeones
744 936 752 950 ‚
777 906 849 954 qui
872 905 1069 941 iubentur
1090 905 1183 940 illos
1201 902 1360 951 adgredi
1375 928 1384 941 ,

94 959 421 1009 subintelligitur
445 967 580 997 autem
608 961 766 997 dativus
794 960 924 1003 αὐτοῖς,
955 972 1098 1009 nempe
1122 960 1302 1004 Περινθίοις·
1340 955 1384 993 S·

149 1010 192 1065 [1
205 1015 240 1052 3.
270 1016 322 1052 ἐπὶ
341 1014 418 1058 Aeo}
443 1015 599 1064 α’γοροιιόυ
618 1014 757 1064 βωμίν)
789 1017 847 1052 De
866 1016 947 1053 Iove
965 1016 1110 1064 οἷγοξαίῳ
1129 1013 1220 1051 vide
1244 1014 1385 1064 Taylor

94 1068 144 1105 ad
161 1072 247 1118 Lys.
265 1083 303 1118 p.
325 1083 337 1105 1
350 1084 414 1120 91·
436 1083 522 1119 pag.
541 1084 589 1115 70
605 1081 683 1119 seq.
701 1071 761 1107 ed.
778 1070 910 1108 Reisk.
941 1067 1007 1121 S.]

203 1122 349 1164 CAP-
375 1123 586 1163 XLVII.
617 1134 653 1170 [3.
679 1125 828 1171 οἴχετο
854 1123 983 1171 πλέων)
1014 1124 1196 1161 Mendam
1223 1134 1387 1173 agnove=

95 1183 195 1215 runt
212 1179 316 1216 docti
331 1180 529 1225 homines,
546 1182 694 1226 Pavius,
707 1182 947 1224 D'Orvillius,
961 1182 1139 1225 Reislcius,
1155 1179 1388 1223 Abreschius,

94 1245 117 1270 a
140 1236 313 1284 Stephani
341 1247 554 1283 operarum
583 1241 738 1283 peccato
765 1241 893 1271 ortam
922 1240 960 1271 et
986 1241 1254 1284 propagatam.
1292 1236 1390 1270 Pru-

95 1289 255 1326 dentior
273 1292 410 1336 Aldus,
435 1302 556 1338 quem
578 1291 745 1339 insuper
767 1291 953 1326 habitum
978 1291 1119 1326 miror.
1145 1292 1235 1327 Mox
1254 1287 1293 1326 ro*
1311 1289 1390 1325 ἔωῦ-

96 1345 158 1382 τοῦ
175 1343 339 1388 κοέλλος
358 1341 450 1395 [lin.
467 1342 530 1396 8.]
561 1358 641 1382 non
665 1352 846 1394 oportere
865 1346 907 1381 in
935 1347 1027 1389 κλέος
1052 1345 1186 1389 abire,
1205 1343 1390 1380 Eustathii

96 1398 250 1436 indicio
267 1407 437 1443 constat3
459 1401 532 1449 qui
553 1401 674 1437 etiam
697 1400 914 1437 rectissime
934 1400 1039 1438 αὐτόν
1059 1398 1315 1440 ἱλοέο-κοντο,
1342 1402 1389 1433 ut

95 1455 212 1491 Arch.
224 1460 264 1491 et
278 1456 408 1499 Vinci„
425 1457 651 1504 postulante
665 1456 857 1492 sermonis
874 1456 974 1492 serie
989 1455 1115 1492 omni.
1137 1454 1390 1503 Designatur,

94 1509 196 1556 quid
212 1510 301 1546 fieri
318 1512 468 1547 solebat
481 1513 649 1561 Egestae.
671 1506 852 1550 WES‘S.
874 1532 924 1538 —
953 1512 1026 1555 At,
1042 1524 1116 1547 cur
1134 1509 1391 1558 potissimum

96 1562 332 1602 ἱλάσκοντο
363 1566 667 1613 praeferendum
690 1566 886 1614 praesenti
911 1564 1166 1604 ἱλάσκονται
1192 1563 1391 1600 iudicare-

98 1630 208 1662 mus,
223 1631 302 1655 non
321 1621 444 1669 magis
459 1621 644 1668 equidem
657 1648 666 1664 ‚
682 1634 804 1669 quam
819 1619 1044 1668 Schaeferus‚
1057 1625 1248 1669 exputare
1261 1617 1391 1666 potui.

98 1674 282 1710 Eustathii
310 1675 474 1722 quidem
505 1675 781 1712 testimonium
802 1689 873 1724 pro
896 1676 1096 1722 scriptura
1115 1676 1189 1711 ista
1211 1671 1391 1710 invocari

99 1740 179 1764 non
207 1728 370 1765 debuit:
400 1742 483 1766 rem
512 1730 585 1766 ille
611 1743 657 1766 ex
677 1732 866 1768 Herodoto
897 1731 1041 1775 refert,
1071 1743 1150 1766 non
1181 1729 1266 1776 ipsa
1287 1726 1414 1765 Scri--

97 1783 224 1830 ptoris
241 1785 362 1820 verba
385 1791 663 1833 repraesentat.
697 1784 740 1823 S.

210 1836 355 1878 CAP·
377 1838 554 1879 XLIX.
586 1849 623 1885 4.
653 1839 842 1885 χάλκεον
874 1835 1068 1889 πίνακα)
1099 1843 1258 1875 Aeneam
1287 1838 1393 1874 lami-

100 1906 204 1937 nam,
227 1894 387 1932 tabulam
404 1902 516 1932 vocat
538 1896 849 1945 Geographicam,
879 1895 922 1930 in
950 1907 1030 1943 qua
1047 1894 1110 1936 γῆς
1132 1892 1269 1936 (ἐνηέα-νς
1287 1894 1392 1941 περίο-

99 1943 149 1990 δος
177 1948 376 1991 ἐνετέτμητο.
413 1950 476 1987 Ad
504 1950 689 1998 opulenti
719 1950 877 1987 iuvenis
904 1948 1136 1998 superbiam
1162 1948 1395 1996 deprimen-

100 2001 191 2038 dam
221 2004 292 2039 ubi
313 2004 467 2041 dicitur
487 2005 693 2042 Alcibiadi
725 2010 959 2041 monstrasse
981 2006 1155 2042 Socrates
1170 2031 1180 2049 a
1211 2002 1394 2052 quantil-

100 2056 189 2093 lum
210 2057 254 2094 in
275 2060 382 2096 orbis
401 2061 538 2096 tabula
557 2060 732 2108 spatium
750 2066 960 2108 occuparet
977 2058 1111 2096 Attica
1126 2085 1135 2100 ,
1156 2057 1306 2095 πινάκιον
1324 2070 1391 2094 vo-

101 2117 164 2148 cat
177 2116 351 2152 Aelianus
370 2113 449 2160 ἕχον
466 2117 530 2158 γῆς
547 2112 704 2165 περίοδον,
721 2119 817 2152 Var.
838 2117 901 2152 ΙΙΙ.
922 2117 986 2151 28.
1012 2117 1162 2152 Notant
1181 2113 1239 2149 ibi
1259 2113 1392 2149 Κᾶὴη.

102 2170 141 2201 et
165 2168 328 2206 Perizon.
365 2171 558 2218 Pleraque
586 2170 665 2206 huc
695 2169 911 2218 spectantia
940 2170 1022 2205 iam
1055 2169 1215 2205 dederat
1246 2170 1393 2204 Marsil.

104 2221 288 2271 Cagnatus
309 2228 407 2261 Var.
426 2226 519 2261 Obs.
538 2227 608 2264 IV.
631 2238 664 2262 c.
683 2226 718 2261 5.
748 2225 983 2262 omiserunt
1003 2237 1050 2260 ex
1071 2224 1317 2272 Theophrasti
1339 2228 1393 2258 te-

100 2281 293 2314 stamento
314 2280 471 2325 locum,
494 2292 576 2328 quo
603 2279 715 2316 iubet
743 2279 906 2318 α’νκθεῖνοιι
927 2278 1003 2322 τούς
1032 2282 1196 2320 πίνοικκς,
1224 2278 1254 2315 ἕν
1284 2275 1329 2320 οἷς
1355 2277 1391 2314 αἶ

103 2330 162 2373 rr‘k
183 2333 246 2375 γῆς
270 2331 405 2381 περίοδοί
425 2335 522 2380 εἶσιν,
549 2335 590 2377 εἷς
619 2333 678 2375 τήν
705 2333 800 2372 κάτω
829 2333 951 2376 στοάν,
985 2335 1092 2382 apud
1122 2335 1234 2383 Diog.
1264 2333 1391 2369 Lae'rt.

102 2387 154 2421 V.
177 2385 241 2422 51.
272 2390 484 2425 VALCK.

158 2441 192 2476 8.
217 2439 262 2478 τοὶ
282 2441 543 2492 κατήκοντα)
568 2443 776 2480 Laurentii
793 2456 839 2479 ex
856 2444 968 2480 Stoae
987 2444 1150 2488 forulis,
1169 2445 1286 2492 officia
1299 2444 1393 2479 enim

97 2502 179 2530 sunt
204 2498 316 2542 talia,
349 2498 493 2535 merim
523 2499 721 2535 recusavit
741 2500 913 2535 Reiskius.
951 2497 1009 2536 Tsel
1036 2499 1248 2541 κατήκοντα,
1279 2503 1318 2534 et
1346 2495 1393 2534 τοὶ
