1718 2919
285 199 382 256 An
428 194 1119 267 HERODOT.IX..'7-1o
1264 204 1344 269 2'255

61 313 107 351 in
129 315 301 366 Polyaen.
325 317 377 352 V.
398 314 461 351 30.
497 313 683 351 Herodoti
707 316 867 363 Tegeata
887 314 951 351 τῶν
972 312 1090 362 ἐφόρων
1110 312 1242 353 ἐπύθετο
1259 313 1347 352 ποίν-

35 370 38 371 ’
63 385 109 408 τοι
128 368 243 411 λογοντ
265 366 353 419 [lin.
373 368 408 406 5.
420 365 507 419 ]sic
529 369 631 405 mihi
652 380 813 430 quoque
831 367 1029 415 scripsisse
1048 367 1209 405 videtur
1227 369 1347 405 omis-

64 427 105 461 sa
129 435 220 460 voce
242 422 320 465 ἕνα,
349 436 451 471 quae
472 429 517 460 ut
540 437 561 460 a
587 424 683 460 Med.
703 423 757 459 sic
779 422 872 459 aliis
894 422 1014 458 etiam
1038 422 1168 458 aberit
1190 423 1345 461 Codici-

62 479 152 514 bus.
180 477 344 514 Arcadis
363 478 597 515 sententiam
622 491 666 526 pa
675 477 757 514 ucis
774 476 965 524 expressit
984 478 1173 514 Plutarch.
1191 494 1248 515 του
1275 475 1348 516 διοι-

64 534 282 578 τειχίσματος
303 529 386 570 οὐδὲν
414 531 536 576 ἔφελές
562 533 629 570 ἔστι
647 530 881 579 Πελσποννῆσῳ
895 557 905 574 ,
939 529 980 568 ἂν
998 530 1157 569 Ἀθηναῖοι
1176 529 1345 580 Μαρδονίῳ

65 588 316 633 προσγένωνται.
356 587 463 623 Illud
493 588 668 639 Polyaeni
682 613 691 631 ,
715 584 847 628 πολλοῖς
874 581 1042 628 διαβάσεις
1068 583 1191 629 ἕξουσιν
1219 587 1260 629 εἷς
1286 585 1344 627 ‘triv

64 639 310 680 Πελοπόννηὰον
331 641 358 677 οἱ
376 640 555 690 ΒοὶρΒαροι,
582 641 747 689 propius
762 639 912 676 accedit
931 639 1144 676 Herodotea
1161 666 1171 684 ,
1191 639 1344 682 μεγοέλοει

65 692 233 738 κλισιάδες
254 693 507 734 οἷνοιπεπτέοιται
527 696 554 738 ἐς
580 695 637 736 τήν
659 694 901 734 Πελοπόννησον
917 695 966 743 τῷ
983 695 1103 743 Πέρσῃ.
1127 696 1281 732 VALC
1295 697 1344 731 K.

129 762 188 785 10.
216 747 369 791 μεγάλαι
393 747 654 799 κλισιάδες)
682 751 857 801 Ροζγαεηὶ
880 750 1006 786 πολλαὶ
1033 746 1200 793 διαβάσεις
1220 750 1261 792 εἰς
1285 749 1344 790 τήν

65 801 308 843 Πελοπόννησον
331 805 444 840 cultu
470 811 508 840 et
530 804 723 854 elegantia
748 804 878 839 multo
900 810 995 839 sunt
1014 803 1236 840 inferiores.
1265 805 1346 841 No-

62 860 134 895 stri
152 857 200 893 ad
222 858 510 906 praescriptum
528 860 717 896 Plutarch.
737 861 779 894 Τ.
804 860 850 895 ΙΙ.
874 871 913 906 p.
937 859 1026 894 360.
1050 872 1086 894 Α.
1111 857 1267 902 μεγάλοις
1286 861 1344 902 μὲν

64 912 116 960 τῷ
137 911 219 960 οἱθέῳ
243 913 308 960 λεῷ
326 911 502 957 κλισιάδας
523 913 721 957 α’νοίγοντεςε
746 924 849 962 quae
869 912 1096 961 Philosophi
1121 918 1159 948 et
1179 914 1345 961 conplu-

62 978 108 1002 ra
122 966 203 1003 alia
225 968 279 1004 Io.
297 969 373 1004 Iac.
397 970 643 1005 Wetstenium
669 968 711 1004 in
734 968 859 1016 Epist.
876 970 913 1004 S.
930 969 1034 1004 Pauli
1053 966 1177 1016 prior.
1189 967 1236 1004 ad
1254 969 1346 1006 Cor.

62 1033 148 1069 cap.
163 1035 250 1064 XVI,
272 1036 307 1072 9.
333 1035 536 1071 occupasse
553 1024 752 1071 conperio.
772 1023 950 1061 WESS.

175 1074 321 1115 CAP.
343 1076 402 1115 X.
422 1079 457 1114 5.
483 1080 540 1115 καὶ
559 1078 646 1116 ἓπτοὶ
664 1081 734 1126 περὶ
752 1075 890 1115 ἕκαστον
909 1076 1067 1120 τάξαντες
1093 1077 1157 1113 τῶν
1174 1072 1344 1126 εἱλώτων)

62 1132 215 1167 Vereor
234 1145 315 1168 una
332 1144 422 1168 cum
445 1133 507 1169 Cl.
523 1134 565 1169 de
579 1134 710 1177 Pauw,
734 1138 780 1168 ut
797 1132 888 1167 haec
905 1132 1110 1167 Herodotus
1127 1130 1341 1178 scripserit.

67 1187 180 1223 Valla
203 1191 359 1234 tresque
383 1187 521 1234 scripti
550 1187 648 1223 libri
676 1186 898 1230 omittunt,
919 1186 1146 1233 habentque
1174 1198 1258 1233 cap.
1281 1188 1346 1223 28.

62 1240 192 1276 sedem
209 1241 332 1290 magis
349 1249 630 1289 opportunam.
653 1245 701 1278 Et
720 1241 786 1277 cui
809 1242 912 1277 bono
931 1238 1089 1284 τοίξαντες
1115 1246 1199 1287 post
1223 1241 1347 1283 ἐκπέμ-

60 1302 187 1332 πουσιὶ)
218 1299 305 1333 Non
325 1308 444 1345 nego,
468 1297 572 1345 quod
598 1298 728 1333 Galeas
755 1295 878 1340 ursit,
903 1307 981 1331 esse
1005 1294 1048 1330 in
1065 1295 1252 1331 Plutarchi
1278 1306 1344 1340 ea,

61 1349 226 1398 Malign.
250 1364 336 1400 pag.
357 1353 445 1398 871.
460 1351 573 1396 3sed,
597 1351 692 1387 hinc
713 1350 911 1394 derivata,
937 1349 1043 1385 unde
1058 1350 1207 1385 confit?
1233 1350 1346 1385 Tolle

61 1404 222 1450 omnia,
250 1411 289 1442 et
313 1406 484 1442 orationi
509 1406 557 1442 ad
583 1407 786 1442 culturam
814 1404 921 1440 nihil
940 1403 1085 1448 deerit,
1117 1404 1268 1440 modo'
1257 1420 1344 1441 επι-

61 1460 309 1505 τρέψαντες
339 1462 541 1508 probetur.
583 1461 624 1496 ld
655 1472 746 1497 sane
778 1472 869 1495 cum
894 1458 1089 1495 exercitus
1122 1458 1344 1506 imperium

61 1512 259 1559 traditur,
285 1516 415 1551 multo
444 1515 676 1552 conmodius
697 1521 735 1551 et
760 1514 906 1550 lenius.
926 1513 1030 1551 Vide
1047 1515 1109 1550 ΙΙΙ.
1135 1516 1221 1553 155.
1257 1515 1345 1550 VII.

62 1572 127 1607 52.
146 1573 218 1605 etc.
241 1572 299 1608 W
311 1570 421 1607 ESS.
449 1590 500 1597 -—
543 1569 648 1608 Vide
672 1571 763 1607 Var.
788 1571 888 1606 Lect.
920 1573 959 1604 et
984 1567 1029 1603 in
1056 1568 1247 1616 Exemplo
1276 1580 1347 1604 no-

59 1627 165 1667 stro,
201 1636 272 1670 pro
299 1623 515 1666 εἶλῶτων,
554 1625 706 1674 corrige
744 1622 968 1665 εἱλώτων,
1004 1628 1050 1658 ut
1081 1628 1138 1659 est
1174 1623 1216 1657 in
1247 1623 1342 1659 Edd.

57 1683 150 1713 ante
179 1677 323 1726 Schaqf.
352 1684 391 1715 et
419 1679 463 1715 in
493 1679 633 1716 Msstis.
673 1681 882 1716 Caeterum
914 1677 1043 1713 nolim
1065 1677 1344 1722 dissimulare,

57 1730 165 1767 haud
188 1733 281 1769 satis
300 1734 502 1769 commode
527 1733 655 1770 videri
680 1734 717 1771 h.
745 1734 774 1770 l.
798 1733 1004 1780 procedere
1027 1732 1219 1768 orationis
1239 1738 1345 1768 stru-

58 1791 236 1823 cturam:
267 1794 387 1833 certe,
416 1795 461 1825 ut
476 1790 674 1833 Schutzius,
695 1788 750 1825 sic
774 1793 812 1824 et
833 1799 902 1837 ego
926 1788 1181 1832 ἐπέτρεψαν
1211 1787 1344 1835 requi-

57 1843 221 1887 rebam,
257 1843 328 1878 ubi
359 1843 433 1879 alii
467 1845 820 1892 ἐπιτρέψαντες,
853 1842 928 1878 alii
962 1854 1052 1878 vero
1085 1841 1185 1878 libri
1220 1841 1343 1891 magis

56 1895 178 1931 etiam
207 1896 346 1934 vitiose
365 1896 578 1941 ἐπιτάξαντες
600 1897 802 1934 exhibent.
830 1895 874 1935 S.
1326 1942 1328 1944 v

111 1951 203 1987 Ibid.
230 1951 318 1989 ἔπι-οὶ
347 1954 416 2000 περὶ
446 1950 585 1990 ἕκαστον
608 1951 705 2000 etc.)
736 1952 899 1989 Eosdem
929 1955 1123 1987 memorat
1154 1951 1343 1988 Plutarch.

55 2002 102 2040 in
122 2005 301 2041 Aristide
329 2020 368 2054 p.
396 2006 485 2044 525.
511 2021 548 2043 A.
575 2012 613 2043 et
631 2009 742 2044 Tom.
762 2008 807 2043 II.
830 2020 870 2054 p.
894 2007 984 2053 871.
1005 2021 1039 2042 E.
1060 2005 1131 2041 ubi
1159 2004 1286 2048 ἐξῆλθον
1315 2006 1343 2049 ἔς

57 2059 240 2103 Πλαταιοὶς
255 2064 519 2107 πεντακισχίλιοι
547 2060 764 2109 {nocendi-ut
781 2064 851 2107 περὶ
876 2058 979 2098 ocu‘ro'v
1000 2060 1087 2106 ἔχων
1106 2058 1182 2107 οἷνῆρ
1195 2058 1343 2103 ἕκαστος

57 2112 146 2150 {md
171 2113 329 2158 εἵλωταςε
361 2122 481 2164 atque
495 2115 589 2151 adeo
607 2116 704 2165 legit
729 2116 800 2152 hoe
820 2115 863 2151 in
885 2116 988 2160 loco,
1008 2127 1110 2163 quae
1130 2115 1342 2150 nonnullis

54 2167 100 2202 in
123 2167 337 2206 Codicibus
369 2181 575 2218 perperam
608 2170 870 2207 omittuntur.
899 2172 970 2206 Tot
1000 2181 1168 2206 numero
1192 2168 1343 2211 Εἵλωτας

53 2221 101 2258 ad
124 2222 294 2260 Plataeas
316 2237 407 2260 cum
432 2224 642 2272 Spa1tiatis
668 2226 816 2261 stetisse
844 2231 997 2261 certum
1018 2231 1074 2261 est
1095 2236 1141 2260 ex
1166 2235 1250 2271 cap.
1280 2225 1341 2259 28.

54 2282 93 2312 et
110 2277 217 2312 bello
235 2279 560 2327 Peloponnesiaco
580 2291 691 2327 saepe
709 2292 800 2315 cum
817 2279 1133 2316 Lacedaemoniis
1150 2277 1343 2313 militasse

53 2346 126 2373 τους
155 2330 303 2376 Εἵλωτας
335 2334 519 2371 novimus
547 2345 595 2369 ex
619 2335 825 2386 Thucydid.
843 2336 914 2371 IV.
948 2337 1010 2373 80.
1039 2337 1103 2371 V.-
1123 2333 1186 2379 57.
1213 2338 1252 2368 et
1279 2333 1340 2376 64.

52 2386 141 2423 Vll.
171 2396 230 2431 19.
258 2389 413 2426 VALC
428 2391 479 2425 K.

115 2448 176 2483 140¹
204 2442 358 2490 θυῦμένῳ
389 2444 415 2480 οἱ
443 2444 495 2480 ἐπὶ
521 2444 569 2491 rr?
598 2440 733 2491 Πέρσῃ)
767 2442 883 2481 Alibi
916 2443 1063 2490 θυομένῳ
1101 2443 1152 2480 ἐπὶ
1183 2439 1341 2489 Κρότωνα
