1718 2919
296 205 392 245 AD
439 203 848 244 HERODOT.
889 203 974 244 1x.
1003 204 1162 243 62-65.
1300 213 1379 254 277

195 306 340 350 CAP.
355 306 540 348 LXJP'.
559 306 624 360 [2.
644 308 738 347 mero?
759 308 799 348 τέ
817 305 1041 359 χρηστήριον)
1063 308 1169 346 Vide
1187 308 1259 345 lib.
1275 310 1380 347 VIII.

85 377 120 401 c.
149 373 235 410 ¹¹4·
263 364 307 402 S.

147 416 212 469 [6.
241 362 355 457 1032]ae
375 418 555 467 κατύπερθε
579 416 674 465 etc.)
703 418 800 454 Redi
823 418 869 454 ad
892 419 962 455 lib.
985 421 1073 456 VII.
1091 431 1122 455 c.
1145 427 1236 463 204.
1259 415 1334 469 S.]

149 475 184 510 8.
215 472 283 511 v‘no'
308 472 621 519 Ἀειμνήστου)
653 476 807 509 Iustum
840 473 989 510 nobilis
1012 474 1094 510 viri
1121 486 1265 510 nomen
1299 487 1378 510 non

88 534 199 565 extra
219 534 431 565 certamen.
460 526 747 576 Ἀριμνήστου
776 528 947 564 titulum
979 528 1077 565 dant
1103 529 1170 564 illi
1200 532 1312 566 Valla
1341 535 1379 566 et

85 585 225 628 Arch.,
247 583 372 632 inque
396 583 537 630 primis
571 584 758 619 Plutarch.
786 583 955 619 Aristid.
985 597 1022 632 p.
1045 584 1134 620 330.
1153 596 1183 622 e.
1199 611 1208 629 ,
1242 584 1381 621 ceteris

84 645 221 675 autem
246 639 367 676 Codd.
399 643 599 686 receptum
631 638 674 672 in
710 638 828 674 laude
854 643 1047 675 versatur.
1093 638 1163 675 His
1193 639 1380 687 equidem

87 693 412 741 conspirantibus
437 693 679 735 accederem,
706 705 831 741 eoque
861 694 1080 741 promtius,
1109 694 1303 742 quoniam
1333 706 1380 730 ex

86 749 278 785 Plutarchi
316 748 463 796 scripto
501 747 720 795 exemplari
750 753 1146 787 ΔῙΑΜΝΗΣΤΟΝ
1176 751 1228 785 Η.
1258 750 1381 798 Steph.

87 803 289 847 enotavit,
309 804 359 838 ab
377 800 578 850 Ἀειμνήο-τῳ
606 802 747 838 leviter
765 802 987 839 diversum:
1015 803 1120 839 idem
1148 816 1266 851 porro
1284 806 1383 842 Plus.

86 858 254 907 Malign.
277 870 315 905 p.
339 858 430 903 875.
451 872 510 902 n.,
538 857 618 894 sive
637 857 779 893 insulsi
803 857 935 905 potius
958 858 1129 903 scribae,
1158 865 1381 897 AEIIINI-

88 918 252 951 ΣΤΟΝ
295 912 534 960 pinxerunt,
573 918 966 950 ΑΕῙΜΝΗΣΤΟΝ
997 913 1139 962 utique
1175 914 1382 962 adpellan-

86 966 201 1003 dum.
243 968 322 1003 Iam
352 978 454 1016 quae
483 966 527 1002 in
560 965 772 1008 Ἀειμνήστου
797 972 836 1003 et
863 966 1077 1015 Ἀριμνήστου
1102 968 1300 1016 scriptura
1332 969 1382 1003 li-

87 1021 320 1058 brariorum
339 1023 402 1058 hic
419 1028 457 1057 et
474 1034 506 1058 c.
527 1034 589 1068 7¹·
612 1021 828 1067 discordia,
849 1021 1033 1058 vitiosior
1051 1023 1151 1058 alibi
1175 1023 1218 1058 in
1239 1036 1383 1059 monu-

15 1110 21 1119 ,
84 1076 236 1113 :mentis
259 1077 596 1125 sepulchralibus.
638 1080 692 1113 M.
715 1079 808 1114 Ant.
832 1077 1018 1113 Boldetlus
1039 1078 1200 1113 observ.
1219 1078 1265 1114 ad
1288 1081 1383 1115 Coe-

86 1137 228 1167 meter.
247 1145 285 1179 p.
304 1140 347 1175 41
364 1144 394 1168 1.
411 1131 581 1167 titulum
603 1131 810 1179 exscripsit
829 1131 937 1167 hunc
951 1158 960 1176 ,
987 1138 1051 1169 ΞΑ
1064 1137 1142 1170 ΝΘ
1155 1138 1170 1169 Ι
1183 1138 1342 1171 ΠΠΗΑ
1357 1140 1380 1171 E

89 1191 360 1225 IMNHETE
388 1190 682 1223 FPHPOPEI.
715 1191 824 1233 etp.
856 1187 948 1230 416.
976 1191 1311 1227 HTOAMAIC.
1340 1194 1382 1225 A.

86 1245 120 1278 Ῑ.
145 1246 379 1279 ΜΝΗΓΑῙ
408 1246 479 1278 EN
507 1245 627 1278 ΘΕΩ
657 1246 1012 1285 ΠΑΡΘΕΝΟΣ,
1050 1246 1088 1277 et
1115 1241 1255 1277 Latine
1282 1243 1384 1279 Ptol-

86 1297 177 1332 mais
209 1299 257 1332 A.
286 1297 317 1331 Ι.
348 1296 501 1346 hymnos
526 1295 749 1343 personabat
774 1298 892 1344 virgo.
938 1295 1106 1344 Legisset
1141 1302 1384 1334 AEIMNH-

87 1355 222 1392 ΣΤΗ,
247 1357 440 1399 perpetuae
463 1351 670 1393 memoriae,
699 1350 839 1386 Latina
871 1349 1014 1397 utique
1038 1350 1282 1397 adposuisset
1304 1363 1384 1387 me-

85 1405 205 1440 liora.
234 1406 290 1441 At
314 1405 358 1440 in
381 1404 530 1440 talibus
557 1404 686 1440 crebri
713 1405 799 1441 eius
826 1406 971 1452 lapsus.
993 1408 1047 1443 W
1063 1406 1124 1441 ES
1136 1405 1173 1441 S.

143 1460 234 1496 Ibid.
261 1457 592 1506 Ἀειμνήστου)
620 1461 663 1495 In
693 1459 764 1495 hoe
784 1460 886 1495 forte
912 1460 1078 1495 nornine
1099 1459 1270 1507 placebit
1289 1461 1384 1497 scri-

87 1513 175 1562 ptio
197 1514 314 1551 Arch.
330 1511 587 1561 Ἀριμνήο-το
601 1530 641 1550 v:
674 1513 771 1561 quia
794 1516 930 1551 firmat
952 1514 1069 1551 illam
1099 1515 1316 1552 Plutarchus
1336 1518 1378 1552 T.

86 1571 120 1607 I.
144 1581 230 1617 pag.
248 1569 338 1605 530.
356 1582 388 1604 C·
408 1566 465 1605 τδν
489 1565 669 1615 Μαρδόνιον
688 1568 766 1615 niv-ti?
796 1567 1014 1616 Σπαρτιάτης
1042 1568 1149 1612 ὄνομα
1169 1569 1380 1617 Ἀρίμνηστος

89 1623 324 1666 ἀποκτίννυσι,
358 1624 434 1671 λίθῳ
462 1621 517 1661 τήν
542 1621 691 1664 κεφαλήν
718 1622 892 1668 ‘nm-:iffae-
934 1624 1154 1672 Spartiata,
1178 1631 1379 1673 quantum

83 1678 289 1722 recordor,
319 1680 546 1715 Arimnestus
571 1690 771 1726 nusquam
788 1680 992 1715 Pausaniae
1019 1685 1283 1722 memoratum
1317 1679 1382 1715 sed

85 1733 376 1770 Plataeensium
402 1733 474 1768 hoe
493 1732 613 1768 etiam
641 1733 793 1794 praelio
815 1736 1035 1782 Imperator
1056 1734 1112 1769 sic
1134 1734 1201 1769 illi
1228 1734 1384 1771 dicitur

83 1787 160 1825 lib.
178 1790 245 1824 IX.
264 1801 301 1836 p.
318 1790 409 1834 718.
425 1793 464 1822 et
485 1787 714 1823 Plutarcho
704 1801 747 1822 m
779 1788 903 1824 A1ist.
926 1802 964 1837 p.
988 1789 1078 1825 325.
1100 1802 1131 1824 c.
1158 1800 1261 1837 quae
1278 1802 1384 1826 com-

83 1842 280 1879 mendant
299 1842 510 1880 lectionem
533 1843 630 1879 Med.
652 1842 758 1890 apud
782 1845 959 1881 Herodot.
986 1843 1095 1879 infra
1123 1856 1241 1890 c.71.
1271 1841 1382 1894 [cap.

89 1910 162 1944 72,
186 1893 249 1948 8.]
277 1895 487 1945 Αρίμνκστον
516 1895 556 1933 ἄν
544 1894 616 1944 νδροι
650 1897 809 1935 Πλαταιὲ
811 1915 857 1942 οι,
893 1898 964 1934 ubi
995 1897 1203 1940 Ἀειμνκστον
1231 1899 1382 1935 dabant

85 1951 210 1989 Editi.
239 1952 502 1988 Plataeensem
520 1949 667 1989 Λοέκωνοι
685 1950 742 1989 το“ν
758 1951 973 1994 Ἀειμνήστου
992 1958 1186 1989 memorat
1214 1955 1382 2005 Thuqyd.

83 2008 150 2044 III.
167 2019 199 2043 c.
222 2007 283 2043 52.
304 2007 530 2043 VALCK.

192 2059 339 2101 CAP.
358 2058 514 2099 LXV‘·
545 2058 607 2109 [3.
636 2061 664 2103 ἐς
686 2077 722 2099 το
753 2077 861 2107 τειχος
883 2078 921 2100 το
945 2060 1095 2112 ξύλινον)
1116 2063 1232 2100 Conf.
1252 2075 1284 2099 c.
1313 2063 1380 2108 15,

90 2129 131 2151 ιι
154 2127 261 2164 seqq.
293 2121 333 2152 et
349 2128 383 2152 c.
408 2129 471 2161 70.
500 2112 572 2165 S.]

147 2183 207 2207 10.
237 2169 277 2208 τδ
295 2169 359 2219 ἶρδν
384 2170 424 2207 ‘ro‘
453 2171 480 2207 ἔν
507 2169 664 2207 Ἐλευσῖνι
690 2168 967 2219 οἶνοίκτορον)
1000 2173 1214 2220 Templum
1245 2174 1384 2221 prima-

85 2227 178 2262 rium
203 2231 241 2262 et
261 2227 491 2274 praecipuum
511 2224 738 2260 doctissimo
766 2226 808 2261 de
828 2227 940 2262 Pauw
956 2252 966 2270 ‚
992 2226 1040 2262 ad
1067 2226 1183 2263 cuius
1210 2226 1382 2262 formam

87 2278 257 2327 Δήμητρος
274 2279 470 2322 Ἐλευσινίης
499 2278 563 2327 ἱρδν
593 2291 714 2326 supra
745 2291 776 2316 c.
803 2280 865 2316 56.
894 2282 1044 2317 Notum
1067 2281 1170 2316 mihi
1200 2281 1384 2329 adprime

84 2333 135 2372 τδ·
157 2333 274 2376 σεμνόν
313 2332 490 2383 α’νοέκτορον
521 2336 587 2371 τοῖν
626 2334 713 2371 θεοῖν
751 2335 889 2372 Cereris
922 2340 961 2370 et
1000 2337 1239 2384 Proserpinae
1274 2335 1382 2383 apud

83 2389 222 2426 Athen.
242 2388 315 2425 lib.
332 2392 384 2426 V.
405 2402 443 2436 p.
461 2402 478 2424 2
492 2402 504 2423 1
517 2388 551 2424 5.
569 2403 606 2424 n.
627 2386 754 2437 [conf.
776 2391 845 2426 IV.
864 2402 902 2437 p.
922 2390 1007 2426 168.
1030 2386 1087 2440 a]
1105 2402 1245 2426 verum
1262 2389 1301 2427 ro*
1318 2388 1381 2437 ι’,οδν

86 2441 127 2481 ro*
160 2444 188 2482 ἐν
219 2442 292 2481 Ἐλ.
328 2442 505 2492 οἷνοέκτορον
542 2442 796 2480 insolentius.
851 2445 1029 2492 Hesychia·
1064 2443 1393 2492 ’Awana-deam.
