1718 2919
286 240 384 280 AD
427 240 837 282 HERODOT.
880 242 1134 284 v11.1132.
1163 244 1252 285 133.
1321 245 1401 295 373

109 349 284 392 semeio-13
315 348 370 384 sic
400 353 439 384 et
457 348 514 385 ibi
535 349 641 397 apud
667 350 813 385 suidam
838 348 1046 385 serendum
1070 348 1120 391 ἐφ’
1139 346 1183 393 οἷς
1199 348 1400 396 videtum]

108 401 447 450 ⁴Quandoquidem
468 403 534 439 hic
552 404 738 440 Herodoto
766 409 805 440 et
824 404 987 440 Diodoro
1008 403 1189 439 recensiti
1216 404 1400 441 Graeciae

108 456 283 503 populi,
319 463 474 505 praeter
498 458 724 503 Thebanos,
752 457 936 506 plerique
958 469 1092 493 omnes
1119 458 1240 494 coacti
1274 464 1402 506 partes

114 511 318 547 Persarum
338 517 434 547 sunt
445 512 606 560 sequuti
620 539 629 557 ‚
654 513 725 548 hoc
744 512 915 548 iurando
931 512 1049 548 ceteri
1067 512 1297 560 praesertim
1318 525 1403 561 spe-

116 571 237 601 ctasse
255 566 445 602 videntur
458 567 659 602 Thebanos
674 594 682 611 ‚
700 567 800 604 ἓκοντὶ
830 563 1053 608 Μκδίσαντας.
1085 567 1291 615 Xenophon
1303 566 1403 605 Ἐλλ.

105 616 266 670 =V1.[c.
291 618 348 668 3.]
380 633 417 668 p.
442 621 515 667 547
531 647 540 665 ,
571 634 651 666 12.,
681 621 708 658 οἱ
734 623 793 662 μὲν
816 619 975 659 Ἀθηναῖοι
997 618 1096 662 οὕτως
1126 619 1212 665 εἶχον
1236 619 1294 660 “triv
1318 620 1402 663 woi-

117 689 182 716 μην
195 700 205 718 ‚
225 673 265 717 ὥς
292 675 344 712 νῦν
364 676 532 718 Θηβαίους
548 701 558 719 ,
578 674 617 713 τέ
636 673 831 724 λε’γέμενον,
856 671 1081 714 δεκατευθῆναι
1098 675 1190 716 ἐλπὶς
1211 674 1276 715 εἶκε
1299 686 1402 723 quae
1449 670 1451 672 ¹

113 728 247 764 eadem
277 741 399 777 paene
416 729 608 778 leguntur
621 743 659 777 p.
678 729 751 765 356
769 754 778 772 ‚
804 737 862 773 14.
881 724 995 778 [cap.
1018 728 1053 765 5.
1068 728 1245 765 eiusdem
1265 729 1364 766 libri
1375 725 1404 779 ‚]

105 783 170 819 ’.νῦν
187 783 296 825 ἐλπὶς,
328 782 369 821 ‘ro'
388 782 501 821 ποέλαι
519 783 715 826 λεγᾶμενοη
742 779 966 823 δεκατευθῆναι
991 784 1173 826 Θηβαίους.
1204 784 1340 832 Atque
1360 783 1401 819 id

103 835 248 884 ⁸ipsum
270 838 437 874 alteram
458 837 574 874 illam
602 838 818 875 formulam
839 836 963 886 magis
983 836 1102 873 etiam
1123 836 1254 874 reddit
1273 849 1406 887 suspe-

114 898 219 927 ctam
233 918 243 936 ‚
274 892 379 941 quod
401 892 442 928 in
467 892 540 929 illa
562 892 711 929 iurasse
730 892 995 940 perhibentur
1015 891 1119 939 apud
1140 893 1302 943 Lyeurg.
1317 905 1405 942 pag.

122 946 194 982 '158
210 972 220 991 ,
244 946 278 983 5.
303 945 365 989 τοὶς
379 948 427 984 τα“
444 948 505 984 τοῦ
521 946 689 995 βαρβάρου
710 947 926 992 προελομένας
948 943 1109 994 (πόλεις)
1135 945 1277 990 nivola-oce
1307 945 1407 984 δεκαο-

117 998 222 1038 τεόσω
239 1015 246 1034 :
273 1013 354 1049 quo
370 1007 516 1048 spectat
533 1008 570 1037 et
589 1002 744 1038 Aristid.
771 1002 814 1037 T.
833 1002 880 1037 II.
901 1013 939 1049 p.
963 1002 1026 1038 82.
1040 1026 1049 1044 ‚
1081 1006 1120 1036 et
1139 1000 1262 1038 huius
1284 1002 1406 1038 Schol.

106 1053 162 1090 ,in
184 1055 272 1092 cod.
289 1057 389 1093 Msto
419 1056 525 1093 Clar.
555 1057 679 1092 Burm.
700 1068 738 1103 p.
762 1054 850 1091 131.
867 1060 905 1091 et
925 1068 963 1103 p.
982 1067 1073 1104 299·
1100 1054 1171 1091 ubi
1193 1052 1313 1099 ἔδοξεν,
1344 1056 1406 1093 in-

108 1108 228 1157 quit,
255 1110 319 1151 τοὶς
350 1109 464 1153 πόλεις
484 1108 549 1152 τοὶς
575 1108 778 1152 μκδιεσῶσας
807 1106 922 1159 (imo
947 1106 1164 1157 μκὲισοίσας)
1195 1106 1403 1147 δεκατεῦσαι·

105 1161 201 1200 ,ἀλλ’
232 1164 259 1200 οἶ
286 1162 443 1203 Ἀθηναῖοι
474 1164 612 1210 ἐπέσχον
632 1162 755 1211 ὕστερον
779 1166 837 1200 καὶ
868 1163 1126 1206 Θεμιστοκλῆς-τ
1161 1163 1289 1212 priori
1317 1165 1404 1200 loco

105 1217 352 1255 -Scholiastes
373 1219 581 1256 Δεκατεῦσαι
616 1218 907 1266 interpretatur
925 1216 965 1256 τδ
995 1214 1401 1267 δέκατονμέροςγνοῖνελεῒν.

106 1272 294 1308 ἶΒιιᾱιιεειιιή
312 1272 366 1308 sic
385 1273 514 1309 miror
532 1273 576 1308 in
596 1274 785 1310 Herodoto
810 1274 979 1309 verbum
1002 1272 1192 1320 accepisse
1222 1285 1294 1321 pro
1313 1274 1408 1310 deci-

106 1341 207 1363 ·mum
228 1341 393 1377 quemque
419 1330 627 1375 interficere.
658 1327 869 1372 Romanis,
902 1333 948 1364 ut
967 1332 1108 1363 notum
1137 1332 1213 1371 est,
1237 1328 1405 1364 decimari

114 1383 268 1431 legiones
287 1382 546 1427 dicebantur,
578 1393 717 1430 resque
746 1383 952 1418 Roma-nas·
974 1381 1224 1418 tradentibus
1250 1382 1407 1419 Graecis

106 1432 358 1477 -δεκατευθ-,ῗναιε
386 1433 470 1487 [sic
488 1439 599 1475 Dioni
621 1438 769 1481 Cassio,
793 1436 890 1472 locis
913 1436 956 1471 in
981 1437 1141 1472 Reimari
1161 1435 1292 1472 Indice
1310 1436 1410 1473 cita-

116 1487 217 1540 tisz]
245 1491 308 1527 sed
328 1493 378 1527 ab
402 1491 527 1528 huius
555 1492 742 1539 temporis
767 1493 1007 1527 Graecorum
1036 1490 1289 1527 humanitate
1316 1503 1408 1527 cru-

113 1544 256 1581 delitas
288 1544 362 1581 ista
390 1558 550 1594 prorsus
576 1547 777 1582 abhorret.
823 1547 939 1581 Recte
965 1543 1029 1586 τοὶς
1061 1543 1175 1587 πόλεις
1208 1541 1404 1583 Senon-ww

114 1599 221 1647 apud
242 1601 403 1651 Lycurg.
424 1602 476 1637 Η.
495 1601 617 1649 steph.
645 1600 937 1647 interpretatur
962 1599 1072 1635 Thes.
1102 1599 1215 1648 Ling.
1234 1601 1301 1636 Gr.
1319 1602 1348 1637 I.
1368 1612 1406 1647 p.

107 1654 206 1704 937.
225 1654 288 1696 τοὶς
303 1671 365 1691 των
380 1655 523 1692 πολιτῶν
539 1654 672 1697 ου’σίαςι
688 1656 726 1691 et
746 1654 834 1699 hic,
848 1656 897 1691 ad
915 1654 1119 1690 solvendam
1139 1655 1215 1690 Deo
1227 1654 1401 1703 Delphico

112 1709 284 1744 decimam
300 1710 457 1758 adigere.
473 1712 511 1745 V
513 1710 686 1746 ALCK
700 1730 751 1736 —
780 1710 824 1745 In
841 1708 963 1745 huius
985 1708 1061 1744 loci
1079 1709 1276 1744 Herodotei
1294 1720 1406 1745 men-

116 1762 265 1799 tionem
294 1763 472 1800 incidens
493 1765 744 1801 Creuzerus
773 1770 927 1808 noster,
950 1762 1031 1799 Vir
1057 1762 1326 1809 clarissimus,
1360 1762 1404 1799 in

108 1817 402 1854 ,Historicorum
433 1821 671 1855 Graecorum
700 1818 912 1867 antiquiss.
936 1816 1178 1866 Fragmentis
1206 1830 1291 1866 pag.
1316 1820 1404 1863 178.

104 1871 275 1909 monuit
287 1899 297 1916 ‚
317 1873 473 1909 collatis
491 1874 639 1910 Xanthi
655 1874 764 1924 Lydii
778 1873 909 1909 verbis
923 1872 1030 1920 apud
1048 1872 1218 1909 strabon.
1231 1872 1305 1908 lib.
1319 1874 1405 1909 XII.

107 1939 154 1975 ²1).
178 1928 267 1974 572.
282 1942 320 1963 A.
343 1942 377 1965 B.
391 1927 468 1966 ed(
480 1929 565 1964 Cas.
591 1940 683 1963 cum
713 1927 794 1964 alio
811 1927 999 1964 Strabonis
1021 1927 1106 1962 ioco
1124 1926 1198 1964 lib.
1223 1929 1291 1964 VI.
1318 1939 1405 1976 pag.

108 1982 210 2026 -257.
224 1981 395 2018 mvideri
415 1983 524 2030 posse
536 1983 704 2019 verbum
720 1980 914 2020 δεκατεῦσαι
927 1981 970 2017 in
988 1981 1063 2017 isto
1081 1983 1320 2018 Graecorum
1338 1981 1404 2018 de-

103 2042 219 2072 <creto
250 2035 305 2072 ita
337 2037 639 2085 accipiendum,
677 2042 723 2072 ut
748 2040 827 2085 ipsa
853 2036 1033 2073 hominum
1055 2049 1209 2085 corpora
1227 2036 1404 2085 Delphico

112 2088 332 2137 deosuerint
352 2093 558 2137 destinata;
579 2096 675 2139 puta
690 2120 700 2136 ,
727 2091 799 2139 qui
825 2090 1008 2127 servituti
1035 2090 1202 2128 fuissent
1220 2090 1405 2128 addicen-

115 2144 158 2180 di
180 2144 228 2180 ad
261 2158 358 2193 opus
385 2146 614 2183 faciendum
642 2145 686 2181 in
704 2145 808 2195 agris
834 2145 1072 2188 deosacris3
1102 2151 1175 2182 aut
1198 2144 1329 2194 (quod
1357 2146 1401 2182 in

109 2210 245 2235 meam
263 2206 422 2237 venerat
439 2199 744 2250 cogitationem)
772 2200 844 2237 deo
864 2200 909 2236 in
928 2212 1013 2236 eam
1033 2199 1302 2236 conditionem
1326 2205 1405 2237 tra-

112 2252 232 2289 dendi
248 2280 258 2297 ,
289 2260 334 2290 ut
352 2254 447 2300 ille,
473 2255 574 2304 quid
595 2254 657 2291 his
679 2254 768 2291 fieri
794 2255 936 2298 vellet,
964 2254 1146 2290 ediceret.
1187 2257 1326 2302 Neque
1347 2261 1404 2291 ta-

116 2319 210 2343 men
230 2308 393 2346 omnino
420 2316 533 2360 urget
557 2311 660 2345 hanc
681 2309 1051 2357 interpretationem
1077 2308 1158 2346 Vir
1180 2309 1404 2346 eruditissi-

114 2373 227 2402 mus;
260 2374 389 2411 neque
407 2376 474 2412 ego
493 2376 578 2400 eam
602 2364 745 2412 utique
764 2363 1018 2412 premendam
1037 2374 1185 2400 censeo.
1215 2361 1261 2401 S.

196 2415 340 2456 CAP-
354 2415 628 2457 CXXXIII.
643 2427 667 2463 4
683 2432 756 2467 seq.
774 2419 877 2461 οἱμὲν
890 2417 1011 2455 αὐτέων
1024 2437 1068 2445 -·
1081 2418 1109 2461 ἒς
1124 2417 1163 2457 ‘ro'
1176 2414 1403 2466 βάραθρον)

115 2471 227 2519 Quod
246 2471 312 2509 vix
326 2472 490 2510 definiri
507 2485 614 2521 posse
632 2472 795 2511 videtur
813 2471 998 2520 scriptori
1022 2473 1081 2509 des
1108 2474 1230 2510 Essais
1248 2474 1290 2515 de
1311 2473 1404 2510 crit.
