1718 2919
272 234 378 263 -120
569 220 1324 261 ADNOTATIONES

298 337 342 361 ea
376 324 483 373 apud
512 325 757 375 Thucydidem
796 329 985 371 potestate
1020 330 1167 361 veteres
1198 327 1453 361 Enarratores
1478 323 1598 360 semel

298 380 533 428 iterumque
558 379 829 427 explicarunt.
870 379 909 416 Si
944 386 1077 415 tamen
1111 390 1158 415 ex
1185 379 1388 415 codicibus
1419 377 1600 424 ἔχοντες

297 441 532 477 erueretur,
562 434 834 482 spernendum
863 446 955 470 cum
985 436 1098 471 Ρανὶο
1125 440 1164 470 et
1193 434 1288 471 aliis
1323 433 1429 470 haud
1469 445 1599 470 cense-

297 501 397 527 rem.
428 490 607 528 WESS.

360 557 420 580 12.
458 541 512 582 διαὶ
537 546 639 587 μέσης
664 545 723 587 τῗις
751 541 898 592 α’γορὶἶς)
935 545 1119 580 Pactolum
1148 540 1202 580 Sia*
1230 544 1336 585 μέσων
1362 541 1596 586 οἷΦικι-ούμενσν

297 597 447 647 Σάρδεων
479 597 601 642 ἕτοιμοι
633 599 799 646 χρήματα
831 599 973 644 κομίζειν
1011 595 1113 635 hinc'
1143 600 1214 635 Dio
1252 599 1445 649 Chrysust.
1482 599 1594 634 Orat.

297 655 510 692 LXXXIII.
543 666 581 701 p.
610 654 699 703 659.
725 668 765 689 A·
792 658 830 689 et
850 654 1093 702 scriptorum
1123 654 1348 701 conplures.
1394 654 1452 689 De
1479 662 1598 688 amne

296 711 433 747 Hermo
460 705 549 759 [lin.
574 705 658 758 15.]
701 708 815 744 iuxta
852 709 1064 745 Phoc-aemi
1100 708 1143 744 in
1182 720 1291 744 mare
1325 720 1364 744 se
1394 712 1596 757 mergente

297 764 372 800 lib.
393 766 421 800 Ι.
443 766 506 799 80.
536 766 593 802 W
606 764 964 801 1388.-

409 816 556 858 CAP.
594 816 704 858 CII.
741 832 777 856 2.
826 815 1073 864 Κυθκβης)
1116 820 1230 854 Favet
1264 819 1400 861 Galea,
1444 817 1596 858 Κυβέλης

297 874 555 918 emendanti,
579 886 719 909 verum
752 873 932 918 iniuria,
972 874 1093 908 Valla.
1136 873 1313 921 Vulgato
1344 871 1502 920 patroni
1531 882 1596 908 ve-

298 929 423 965 niunt
440 929 665 979 Hesychius,
696 930 906 973 Eustathius
922 957 931 972 ,
964 929 1091 964 suidas
1106 955 1115 972 7
1143 933 1182 963 et
1200 940 1299 975 quos
1323 928 1458 975 plures
1479 925 1597 962 advo-

297 984 400 1021 cavit
419 983 671 1020 doctissimus
701 985 835 1020 Gudius
854 984 902 1018 ad
926 983 1081 1019 Phaedri
1100 983 1172 1018 lib.
1192 984 1253 1018 Ill.
1274 983 1361 1018 lab.
1385 995 1447 1017 20.
1493 983 1596 1017 Haec

297 1045 354 1075 est
386 1039 644 1075 inclamantis
669 1038 812 1075 Chori.
845 1037 1019 1085 Ὀρεττέξκ
1044 1039 1212 1075 notul-jaira
1238 1038 1314 1080 72,
1347 1038 1464 1083 Μοῖτερ
1485 1035 1595 1074 αὐτοῦ’

299 1091 456 1137 A10';‚‘¹A
477 1093 533 1131 τᾶν
554 1095 661 1135 μέγαν
682 1090 871 1130 Πκκταλέν
891 1090 1046 1137 εὔχρω-ον
1071 1094 1190 1134 νέμεις,
1215 1092 1401 1140 Sophoclis
1428 1090 1597 1127 Philoct.

297 1162 351 1186 vs.
370 1149 459 1198 390.
495 1149 638 1185 Eadem
658 1147 700 1183 in
718 1149 940 1185 Maecenatis
957 1146 1089 1195 Epigr.
1106 1148 1203 1182 Ades
1223 1147 1310 1190 huc,
1331 1147 1415 1182 ades
1436 1145 1596 1196 Cybebe,

285 1203 379 1252 fera
400 1206 569 1239 montium
594 1204 681 1243 dea.
703 1203 740 1238 h.
765 1214 797 1238 e.
820 1201 968 1250 0‘520’75'92:
994 1202 1198 1250 Sophoclis;
1230 1201 1345 1237 cuius
1363 1212 1430 1250 ego
1451 1201 1596 1236 suffra-

297 1259 362 1309 gio
392 1271 478 1294 eam
508 1258 641 1294 Latini
675 1269 810 1293 versus
843 1256 947 1304 apud
991 1258 1191 1293 Diomedem
1222 1263 1260 1292 et
1292 1258 1598 1293 Fortunatianum

297 1314 556 1361 scriptionem
582 1318 866 1360 praeoptarem.
897 1312 1023 1348 Multa
1044 1324 1176 1359 nuper
1195 1316 1232 1347 et
1256 1310 1367 1347 docta
1391 1310 1438 1346 de
1461 1310 1599 1361 Cybebe

296 1375 335 1405 et
354 1371 576 1406 Maecenatis
594 1368 729 1416 Epigr.
751 1368 812 1404 Cl.
831 1368 909 1403 Pet.
924 1368 1151 1403 Burmannus
1171 1367 1321 1403 Secund.
1338 1366 1506 1402 Anthol.
1526 1367 1598 1402 La·

299 1424 374 1460 tin.
398 1424 472 1460 lib.
500 1425 529 1460 I.
550 1437 586 1471 p.
610 1424 671 1459 50.
706 1424 823 1458 Porro
844 1423 997 1457 incendii
1020 1424 1228 1470 templorum
1245 1423 1283 1457 in
1303 1421 1458 1457 Graecia
1471 1421 1597 1457 obten-

298 1486 377 1523 tus,
397 1491 517 1527 quem
549 1477 637 1528 [lin.
655 1473 716 1528 5.]
744 1476 863 1513 Persis
886 1476 1057 1524 scriptor
1075 1476 1242 1517 tribuit.
1266 1475 1474 1512 arcessitus
1492 1482 1610 1512 eratr

295 1533 430 1570 verior
462 1546 619 1570 caussa.
657 1531 761 1581 quod
800 1531 891 1567 deos
928 1531 1150 1578 parietibus
1184 1530 1343 1566 includi
1379 1536 1596 1580 negarent,

299 1590 447 1636 templa
474 1589 745 1636 inprobantes.
786 1587 902 1622 Cous.
928 1587 1090 1623 Brisson.
1118 1588 1208 1634 Reg.
1238 1587 1338 1621 Pers.
1360 1587 1407 1622 II.
1437 1586 1500 1621 31.
1522 1591 1594 1621 etc.

297 1646 356 1681 W
368 1644 479 1680 ESS
509 1664 559 1669 -
601 1645 624 1677 l
631 1656 672 1678 10
693 1654 737 1678 eo
765 1641 870 1703 quod
895 1641 938 1676 in
973 1643 1103 1678 Iollae
1124 1640 1276 1677 Latinis
1295 1646 1402 1686 erat,
1428 1643 1595 1689 templum

301 1699 356 1749 Cy
348 1699 466 1738 heles
485 1712 505 1726 ‹
484 1710 606 1746 ,ὕπτιθο
609 1711 661 1733 im
684 1696 862 1733 nominis
881 1696 974 1732 deae
995 1697 1165 1732 formam
1191 1695 1345 1746 Cybebes
1368 1708 1460 1731 cum
1479 1698 1596 1733 Gron-

297 1753 431 1790 tenuit
456 1755 584 1790 tsVess.
610 1751 654 1791 S

355 1810 391 1845 5.
423 1808 734 1855 ἀντενεπίμπρασαν
762 1805 806 1844 τοὶ
831 1806 858 1843 ἐν
872 1803 1017 1845 Ἕὶὶκσι
1045 1803 1110 1853 ἶεοῖ.
1123 1801 1144 1855 )
1176 1804 1247 1841 Hic
1269 1805 1409 1841 insano
1434 1809 1595 1841 tantum

296 1862 429 1899 furori
451 1862 532 1898 fuit
556 1867 801 1910 prietextus:
824 1872 954 1908 neque
977 1863 1181 1897 Persarum
1201 1871 1259 1896 res
1276 1872 1422 1904 sacras,
1444 1859 1596 1896 nedum

296 1917 473 1955 Asiatica
494 1918 642 1964 templa
664 1916 914 1953 violaverant
939 1915 1152 1965 Aegyptii,
1169 1928 1298 1963 quum
1319 1921 1413 1951 teste
1433 1915 1598 1951 Diodoro

297 1975 326 2010 I.
347 1973 412 2017 46.
433 1972 643 2020 Cambyses
667 1972 811 2019 ἐνέπρησε
837 1969 881 2007 τοὶ
906 1970 983 2007 κατ’
1005 1971 1172 2012 Αἴγυπτον
1190 1968 1271 2018 ised.
1324 1971 1382 2006 De
1411 1969 1597 2006 Graeciae

298 2027 461 2075 templis
480 2040 500 2062 a
521 2026 643 2063 Persis
661 2026 724 2062 vel
754 2025 926 2061 incensis
945 2026 1007 2061 vel
1031 2024 1192 2061 violatis
1211 2029 1392 2061 veterum
1413 2024 1496 2060 loca
1516 2025 1598 2060 col-

296 2084 446 2131 legerat
474 2083 517 2118 B.
541 2082 706 2118 Brisson.
732 2080 780 2115 de
798 2081 846 2115 R.
867 2081 967 2116 Pers.
986 2081 1031 2116 ΙΙ.
1062 2092 1147 2128 pag.
1169 2080 1259 2116 218.
1279 2085 1318 2115 et
1333 2091 1438 2127 seqq.
1480 2079 1596 2115 Haud

298 2136 468 2185 protrita
485 2136 596 2172 dedit
611 2136 675 2172 vir
688 2137 853 2184 Magnus
868 2134 912 2170 ad
931 2136 1084 2171 Diodori
1104 2137 1174 2170 Sic.
1191 2136 1258 2171 XI.
1277 2147 1339 2184 29.
1357 2134 1427 2169 ubi
1446 2133 1490 2169 in
1506 2145 1596 2170 eam

298 2191 544 2240 propendere
567 2191 730 2227 videtur
755 2189 1044 2237 suspicionem,
1077 2201 1200 2238 quam
1224 2189 1470 2238 Theopompus
1491 2195 1597 2225 certe

297 2245 643 2283 verisimillimam
677 2244 820 2288 movit,
858 2245 1077 2280 formulam
1113 2244 1229 2279 illam
1272 2243 1374 2279 iuris
1407 2242 1596 2288 iurandi,

298 2313 420 2350 quam
442 2303 605 2338 Graecos
623 2300 671 2336 ad
694 2300 865 2335 Plataeas
883 2300 1031 2334 iurasse
1052 2299 1282 2347 perhibent,
1303 2299 1352 2334 ab
1373 2297 1596 2334 Athenien-

297 2357 408 2392 sibus
433 2366 510 2391 esse
530 2356 756 2392 confictam.
791 2353 1033 2401 Theopompi
1064 2353 1307 2401 praeceptori
1333 2355 1488 2390 Isocrati
1511 2365 1597 2402 pag.

300 2412 366 2457 73.
386 2425 418 2446 B.
436 2411 509 2446 soli
530 2410 725 2446 dicuntur
744 2411 853 2445 Iones
874 2408 960 2444 illis
973 2409 1080 2444 diras
1099 2408 1337 2455 imprecati,
1353 2408 1424 2455 qui
1447 2408 1596 2455 templa

296 2467 473 2502 Deorum
492 2465 766 2502 instaurarent
783 2464 874 2513 igne
892 2465 1097 2503 Persarum
1112 2463 1216 2499 viola
1225 2468 1283 2507 ta,
1305 2469 1497 2511 tanquam
1515 2474 1599 2498 mo-
