1718 2919
278 224 374 263 AD
419 223 825 265 HERono‘r.
865 224 1009 265 vm.
1039 226 1190 277 7273·
1303 223 1376 275 145

98 328 260 371 videtur,
280 326 356 371 ait,
379 329 552 364 Homerus
571 342 631 364 seae
646 334 789 364 tantum
811 342 1018 377 agnoscere.
1044 328 1222 365 Totidem
1245 341 1380 365 occur-

103 389 192 419 rent
212 381 407 419 Boeotiam
428 382 617 431 exigenti:
637 382 699 418 sed
718 382 764 419 τοέ
779 382 924 449 Ὀμζιίρου
944 398 1000 419 <rus
995 385 1092 426 'aleas
1112 380 1161 420 δε
1131 399 1212 420 ιτκι
1236 400 1379 431 κριτικῆς

103 452 279 479 ποικτικως
306 437 473 503 λὲιγοντος,
505 438 561 473 καὶ
594 436 629 474 ου’
657 435 703 474 τοὶ
727 453 801 479 νυν,
827 436 923 473 οἷλλτὶ
950 453 1122 484 ταρχοιιοε,
1157 439 1196 474 ὡν
1225 453 1238 474 o
1269 436 1382 482 χρόνος

104 506 277 539 κμαυρωκε
306 489 351 528 τοὶ
375 489 514 533 monol,
551 491 684 526 iudice
710 491 887 527 Strabone
908 491 980 528 lib.
1006 493 1108 527 VIII.
1130 504 1214 540 pag.
1238 492 1328 527 515.
1345 507 1384 531 A.

103 541 213 595 [pag.
233 545 321 582 532.
344 545 404 581 ed.
423 541 533 595 Cas.]
559 545 623 581 cui
645 546 718 581 isto
738 545 843 581 libro
862 558 926 581 sex
957 545 1189 599 praecipuae
1208 545 1384 595 regiones

101 605 345 636 enarrantur
365 599 642 647 Peloponnesi,
668 602 760 645 Elis,
782 603 979 644 Messenia,
995 602 1190 645 Laconice,
1215 603 1385 650 Argolis,

102 655 248 693 Achaia
282 659 322 689 et
350 655 536 691 Arcadia.-
570 659 715 702 septem
751 655 824 691 alii
857 655 1109 691 constituunt
1143 661 1181 690 et
1213 657 1388 705 qumnus

105 710 216 747 Chius
236 721 292 745 vs.
315 708 387 744 515
413 716 453 744 et
470 721 592 757 seqq.;
625 709 808 757 quinque
829 709 1054 759 Thucydides
1079 709 1152 746 lib.
1167 711 1193 745 Ι.
1216 721 1301 757 cap.
1327 723 1388 748 10.

104 760 349 801 Πελοποννήσου
374 764 437 800 τῶν
457 765 550 800 πέντε
571 762 634 806 τοὶς
650 760 703 800 δύο
724 765 836 811 μοίρας
854 765 1017 805 νέμονται,
1043 763 1387 812 (Lacedaemonii,

103 817 336 853 Laconicam
366 829 508 865 nempe
536 824 573 854 et
598 817 902 865 Messeniacam)
924 820 980 860 τῆς
1006 833 1040 855 τε
1069 816 1247 861 {vando-m·
1272 818 1389 861 κ’γοὶἷν-

102 886 183 909 τοιιε
209 882 313 920 quae
334 878 525 919 postrema
548 885 626 908 non
653 872 884 921 significant
911 874 1018 908 totius
1038 873 1271 921 Peloponnesi
1285 875 1390 921 prin-

103 927 259 974 cipatum
277 926 471 962 obtinuisse
500 926 839 972 Lacedaemonios,
874 927 935 963 sed
964 927 1069 962 bello
1098 928 1304 963 communi
1331 939 1391 966 ce-

105 981 200 1016 teris
232 981 352 1017 fuisse
384 981 524 1025 duces,
554 980 740 1024 ἡγεμόνας,
777 987 822 1017 ut
849 987 962 1017 erant
988 982 1095 1016 bello
1122 981 1272 1018 Persico
1293 982 1390 1030 ipsis

101 1035 224 1071 etiam
253 1035 584 1072 Atheniensibus:
615 1037 750 1072 minus
782 1036 946 1085 cogitata
970 1035 1130 1083 scripsit
1158 1037 1188 1073 I.
1210 1038 1394 1075 Wasseus

102 1090 152 1125 ad
172 1091 334 1141 Thuqyd.
350 1088 476 1139 [VIII.
501 1087 583 1141 15.]
610 1104 694 1140 pag.
718 1092 806 1134 514.
824 1104 864 1127 n.
888 1091 950 1126 32.
979 1094 1132 1127 Verum
1156 1091 1219 1126 hic
1241 1105 1314 1127 non
1337 1105 1393 1127 re-

102 1146 249 1193 giones,
269 1146 332 1181 sed
351 1146 506 1181 diuersas
528 1152 738 1180 enumerat
758 1147 875 1182 Hero
888 1147 942 1181 do
957 1151 1024 1181 tus
1051 1146 1285 1193 Peloponnesi
1305 1159 1393 1195 gen-

104 1206 171 1236 tes.
199 1202 297 1236 Nam
319 1212 397 1235 una
417 1201 464 1235 de
484 1206 631 1247 septem
655 1200 760 1243 illis,
785 1201 1064 1243 Dorienses,
1088 1196 1193 1248 [lin.
1215 1197 1274 1250 8.]
1296 1213 1395 1249 quo-

105 1265 197 1289 rum
218 1254 283 1289 hic
304 1259 460 1290 tantum
480 1255 599 1290 fuisse
613 1254 809 1290 dicuntur
829 1256 958 1291 πολλοιῖ
977 1270 1010 1291 τε
1028 1256 1085 1290 καὶ
1106 1251 1234 1297 δόκιμοι
1255 1254 1391 1298 πόλιες,

106 1313 182 1343 tres
204 1309 388 1345 tenebant
418 1308 673 1356 Peloponnesi
706 1315 833 1356 partes
857 1308 1146 1356 amplissimas,
1180 1309 1395 1358 Argolida,

103 1363 336 1399 Laconicam
351 1390 361 1408 ⁷
393 1369 431 1400 et
448 1364 677 1401 Messeniam
693 1390 702 1406 7
735 1376 908 1411 quarum
932 1369 1077 1400 veteres
1103 1363 1253 1399 incolas
1275 1364 1396 1400 eiece-

104 1423 205 1453 runt
229 1417 417 1454 victores:
449 1418 530 1455 vid.
552 1420 708 1455 Isocrat.
729 1431 811 1466 pag.
840 1431 851 1452 1
868 1431 912 1467 ¹9
927 1444 936 1460 a
965 1431 976 1452 1
991 1431 1052 1452 20.
1077 1430 1166 1464 270.
1182 1432 1219 1454 A.
1242 1419 1333 1456 286.
1356 1432 1397 1458 A.

104 1472 263 1508 Pausan.
285 1486 368 1522 pag.
397 1483 492 1517 140,
521 1474 605 1509 151.
637 1475 689 1509 Io.
709 1476 841 1509 Meurs.
865 1472 912 1507 de
930 1473 1062 1520 Regno
1082 1474 1166 1508 Lac.
1183 1484 1214 1510 c
1233 1473 1267 1509 6.
1287 1473 1397 1511 Misc.

105 1527 320 1564 Lac.111.c.
342 1541 378 1576 ς).
419 1529 634 1564 Arcadas
664 1525 753 1577 [lin.
780 1528 815 1562 5.
826 1523 842 1577 ]
869 1526 1076 1562 Dorienses
1104 1531 1142 1561 et
1168 1527 1398 1564 Heraclidae

106 1579 189 1616 suis
208 1582 405 1629 expellere
426 1583 631 1618 montibus
649 1589 719 1618 aut
744 1594 822 1617 non
843 1587 1083 1629 potuerunt.
1113 1587 1184 1616 aut
1204 1581 1398 1630 religione

106 1636 278 1683 quadam
307 1636 456 1672 obiecta
487 1650 565 1672 non
596 1644 690 1673 sunt
718 1636 830 1672 ausi·
867 1636 1062 1671 callidum
1093 1636 1250 1683 Cypseli
1283 1637 1399 1686 Regis

104 1690 342 1735 consilium,
370 1692 554 1742 Polyaeno
585 1692 777 1727 traditum
809 1694 836 1727 I.
865 1703 949 1737 cap.
977 1704 1034 1737 7..
1061 1690 1202 1726 multis
1237 1693 1400 1728 enarrat

104 1746 323 1782 scholiastes
352 1745 457 1782 ined.
489 1747 532 1781 in
566 1748 722 1782 Aristid.
751 1746 828 1781 nisi
864 1746 944 1781 sola
978 1757 1067 1781 vera
1101 1744 1225 1781 fuerit
1260 1758 1398 1791 causa,

106 1812 230 1847 quam
259 1800 393 1849 attigit
417 1801 605 1837 celeberr.
633 1804 760 1837 VVess.
785 1800 832 1836 ad
856 1801 1007 1836 Diodor.
1034 1798 1207 1848 [fragm.
1231 1796 1330 1850 VL]
1355 1803 1397 1837 T.

104 1857 154 1892 ΙΙ.
175 1867 212 1902 p.
231 1855 320 1891 655.
352 1856 477 1893 Velut
497 1855 704 1901 αὐτόχθονας
722 1857 888 1892 Arcadas
909 1857 946 1890 in
968 1857 1074 1890 avitis
1096 1855 1233 1890 sedibus
1260 1856 1310 1889 ab
1334 1856 1399 1891 ul-

107 1909 207 1946 tima
238 1910 449 1946 hominum
484 1910 675 1946 memoria
700 1912 964 1959 permansisse,
999 1916 1074 1945 tres
1110 1915 1307 1944 testantur
1336 1909 1398 1944 hi-

106 1964 243 2000 storici
266 1965 466 2012 principes
486 1967 620 2002 Herod.
638 1967 684 2001 II.
702 1979 733 2001 c.
760 1978 843 2009 171.
867 1965 1033 2015 Thucyd.
1056 1964 1096 1998 in
1118 1963 1341 2003 Prooemio.
1358 1968 1397 2000 et

109 2020 277 2068 Xenoph.
299 2019 394 2056 ζΕλλ.
418 2022 503 2056 Vll.
523 2033 560 2067 p.
582 2021 651 2055 561
673 2047 682 2064 ,
709 2022 766 2056 16.
792 2020 860 2055 ubi
884 2019 1039 2055 civibus
1062 2018 1143 2053 suis
1163 2020 1317 2054 animos
1336 2019 1399 2054 in-

109 2073 173 2110 dit
192 2074 422 2121 Lycomedes
441 2076 566 2118 λέγων,
594 2074 635 2117 ὠς
660 2073 770 2117 μόνοις
797 2078 854 2116 μὲν
879 2072 990 2115 azimis:
1012 2071 1255 2113 Πελοπόννηςος
1278 2076 1397 2120 πατρὶς

110 2126 172 2168 εἴη’
198 2126 291 2169 μόνοι
320 2127 385 2176 γάρ
408 2127 602 2173 αὐτόχθονες
624 2130 651 2166 ἐν
673 2128 763 2176 αὐτῇ
785 2130 906 2166 οἰκοῖεν.
937 2130 1044 2164 Hauc
1074 2135 1204 2162 tamen
1234 2127 1397 2163 honoris

111 2182 421 2231 praerogativam
459 2184 678 2219 secundum
711 2184 933 2220 Herodotum
963 2182 1038 2219 sibi
1073 2194 1235 2229 quoque
1266 2182 1399 2217 vindi-

111 2248 199 2272 care
232 2244 412 2284 poterant
441 2239 537 2289 Cyn
550 2241 660 2283 urii,
691 2235 785 2288 [lin.
807 2235 873 2288 4.]
896 2245 935 2273 et
964 2237 1136 2285 quodam
1166 2236 1282 2272 modo
1308 2249 1398 2285 gens

110 2291 340 2335 Achaica,
374 2292 584 2339 peninsula
610 2300 714 2329 certe
734 2292 865 2340 'patria
894 2305 972 2328 non
993 2293 1135 2332 eiecta3
1169 2304 1261 2336 nam
1282 2291 1317 2328 ἐκ
1339 2295 1397 2333 μὲν

111 2345 358 2387 Πελοποννήσου
387 2346 447 2384 οὐκ
476 2346 674 2395 ἐξεχώρησε,
701 2349 737 2384 ἐκ
764 2351 872 2388 μέντοι
905 2347 964 2390 τῆς
999 2347 1136 2384 ἓωῦτῶν·
1160 2347 1251 2383 οἰκέει
1281 2342 1311 2382 δὲ
1339 2344 1397 2384 ‘triv

113 2399 298 2448 ἀλλοτρίην.
328 2401 422 2438 Vid.
441 2402 569 2437 Strabo
592 2404 692 2439 VIII.
716 2415 755 2450 p.
777 2403 866 2445 514.
885 2415 918 2436 Β.
953 2402 1043 2437 588.
1062 2415 1096 2438 Β.
1134 2402 1291 2437 Pausan.
1312 2400 1397 2436 VII.

112 2467 149 2502 p.
172 2454 270 2499 522,
290 2455 378 2491 525.
408 2455 480 2492 Sed
496 2456 616 2491 initio
633 2457 730 2493 libri
744 2456 881 2505 quinti
902 2457 1124 2498 Pausanias,
1139 2455 1317 2491 Herodoti
1337 2464 1398 2489 ve-

160 2510 341 2547 Herodot.
371 2512 416 2546 T.
436 2511 501 2547 VI.
519 2512 562 2547 P.
576 2512 627 2548 H.
1091 2511 1129 2546 Κ
