1718 2919
299 184 380 223 320
570 180 1324 221 ADNOTATIONES

300 297 391 321 eum
418 284 459 319 in
480 285 654 333 Euterpe
674 297 705 321 c.
731 285 795 321 53.
814 284 952 321 sedulo
973 284 1166 322 factitasse
1194 285 1394 322 novimus.
1423 286 1599 332 Primus,

301 340 378 376 nisi
401 339 515 375 valde
539 339 680 383 fallor,
714 341 837 377 Vitam
871 342 1018 376 Homeri
1042 341 1172 377 obiter
1201 342 1387 377 Herodoto
1408 343 1600 379 attribuit

299 396 501 444 Stephanus
519 396 744 447 Byzantinus
760 425 769 440 ,
796 404 882 432 tum
902 398 1030 432 &uictas
1046 425 1054 440 ‚
1080 396 1289 432 Eustathius
1303 424 1312 440 ,
1335 398 1497 441 Tzetzes,
1515 410 1601 434 om·

298 463 367 487 nes
392 451 515 487 nimis
545 451 636 487 scri.
680 451 861 488 Laudant
877 477 886 494 ‚
921 450 1045 486 fatcor
1059 477 1068 494 ,
1102 462 1261 487 suavem
1288 451 1439 486 exordii
1474 452 1596 488 huius

296 505 601 554 simplicitatem
622 511 660 542 et
680 518 772 542 cum
794 505 950 543 Clionis
973 506 1176 555 principio
1197 505 1443 542 contendunt
1465 508 1600 546 Celeb.

297 562 482 599 Fabricius
508 562 779 609 asseclaeque:
802 561 864 598 sed
886 561 1107 598 aemulatio
1134 572 1241 597 mera
1260 567 1336 604 est,
1361 573 1490 609 neque
1513 574 1602 610 per-

300 617 397 653 secta
421 623 568 653 tamen.
599 617 806 666 Herodotus
820 646 828 661 ,
847 617 947 653 bene
964 616 1045 652 viri
1066 628 1217 653 morem
1233 616 1266 653 si
1289 622 1422 660 teneo,
1439 612 1524 666 [lin.
1544 613 1599 668 2.]

299 669 379 709 τάδε
407 670 635 713 α’πνγνῖσκτο,
671 670 843 719 inopia-ug
870 671 1063 715 ἔπεξελθςῒν,
1095 683 1217 719 quem
1247 677 1286 708 et
1305 671 1425 708 Vitae
1445 673 1601 710 Auctor

300 726 400 762 alibi
421 726 703 774 amplectitur,
733 726 952 763 maluisset.
995 726 1069 762 Ubi
1094 739 1186 762 vero
1216 726 1258 762 in
1286 726 1410 764 Musis
1437 725 1473 764 ου’
1495 726 1603 765 πολύ-

301 790 415 828 &erog
429 807 439 823 ‚
461 777 594 832 [quod
616 781 702 823 hic,
727 784 792 819 lin.
810 778 872 829 7.]
895 782 998 818 homo
1017 779 1198 828 fortunae
1220 795 1294 818 non
1318 780 1492 830 amplae?
1521 784 1604 819 Me-

301 836 407 872 mini
432 834 636 884 πολιῖ-,ῑεξτον
663 840 775 874 multa
797 839 944 873 sarcina
969 850 1135 886 gravem,
1163 836 1298 884 qualis
1325 838 1479 874 Moschi·
1497 835 1603 875 πολύ·

303 900 415 938 Φορτες
436 890 546 931 οἱπῆνῃ
563 907 569 924 2
594 891 689 927 item
718 889 852 929 ὄλκοίὸει
872 890 1084 940 μυριέφαρτεν
1111 892 1255 929 Libanii
1274 893 1316 928 T.
1338 893 1382 928 Il.
1403 905 1441 940 p.
1460 892 1548 935 154.
1563 906 1600 928 1>-

303 946 343 982 Si
366 945 402 982 οὐ
421 944 617 992 πολύ-ωορκ»
635 969 652 977 -
675 972 679 974 »
697 970 712 978 -
733 944 821 992 ἔχων
840 946 1036 994 optaveris
1055 959 1102 982 cx
1123 960 1246 983 manu
1264 946 1412 996 scripto
1431 953 1469 983 et
1484 958 1602 984 naves

301 1000 570 1044 intellexeris7
592 1013 716 1038 nexus
734 1001 928 1037 sermonis
949 1001 1092 1038 oberit.
1131 1004 1182 1039 Ut
1204 1008 1249 1038 ut
1268 1009 1343 1046 est,
1374 1002 1517 1038 libello
1533 1001 1603 1038 ad·

299 1055 383 1091 didi
399 1056 607 1091 varietates
618 1056 840 1104 scripturae
856 1069 901 1093 ex
917 1057 1046 1094 Codic'e
1059 1058 1283 1094 Barocciano
1296 1069 1317 1093 a
1333 1057 1395 1094 Cl.
1409 1057 1600 1094 Reinoldio

299 1110 609 1159 diligentissime
627 1118 826 1159 excerptas
840 1138 849 1155 ,
868 1120 1067 1160 praeterea
1087 1125 1134 1149 ex
1149 1114 1322 1150 Palatino
1340 1113 1603 1162 Iungermanni

300 1171 340 1202 et
354 1166 692 1202 Amstelodamcnsi.
706 1187 755 1192 —
787 1169 887 1202 Haec
906 1170 959 1205 W
972 1168 1034 1204 ES
1045 1168 1082 1204 S.

353 1223 432 1258 Nos
449 1220 696 1257 Varietatem
723 1221 920 1257 Lectionis
937 1222 1158 1258 adiecimus
1180 1234 1226 1258 ex
1257 1222 1351 1268 Cod2
1370 1224 1463 1271 Reg.
1480 1221 1601 1258 Paris.

300 1290 479 1312 ΜΜΜΧΧ.
495 1277 544 1310 ab
561 1276 695 1312 eodem
715 1277 936 1326 Georgiade,
957 1277 1024 1313 cui
1040 1279 1248 1314 Musarum
1262 1277 1520 1313 collationem
1535 1275 1603 1311 de-

300 1332 389 1366 bem
399 1343 454 1375 us,
469 1330 675 1367 nobiscum
689 1332 1043 1374 communicatam;
1059 1344 1179 1381 quem
1193 1332 1365 1368 codicem
1381 1330 1490 1367 brevi
1507 1337 1602 1366 nota

299 1387 368 1435 Pg.
384 1385 684 1434 insignivimuS.
703 1388 900 1423 Praeterea
915 1393 953 1423 et
969 1387 1068 1423 alias
1086 1388 1207 1424 huius
1226 1386 1359 1422 libelli
1375 1385 1603 1430 Editiones,

299 1448 338 1476 et
364 1441 590 1478 Editionem
615 1442 840 1490 principem
868 1445 1137 1488 Florentinam,
1160 1455 1266 1479 anno
1289 1453 1602 1479 MCCCCLxxxvuI·

302 1509 394 1532 cum
412 1496 536 1532 Iliade
555 1502 592 1533 et
608 1496 773 1544 Odyssea
792 1497 894 1545 typis
912 1510 1095 1534 excusam
1108 1525 1118 1541 ‚
1144 1498 1287 1546 passim
1309 1496 1519 1540 consului,
1539 1506 1603 1532 ea·

303 1562 478 1598 rumque
497 1551 720 1596 Lectiones,
748 1552 819 1588 ubi
845 1565 986 1601 operae
1014 1552 1190 1601 pretium
1212 1552 1443 1596 videbatur,
1467 1556 1602 1587 enota·
1646 1585 1656 1592 Δ

300 1606 356 1643 vi.
384 1607 570 1643 Borheckii
586 1607 751 1655 quidem
769 1608 998 1644 novationes
1011 1635 1021 1653 ‚
1040 1608 1176 1644 omnia
1194 1608 1243 1644 ad
1263 1607 1418 1644 Ionicae
1437 1605 1601 1643 dialecti

303 1674 486 1697 :normam
515 1669 671 1710 praeter
699 1663 902 1699 librorum
933 1663 1212 1699 auctoritatem
1242 1661 1498 1712 refingentis‚
1534 1673 1602 1697 ne-

300 1716 502 1765 gligendas
523 1717 636 1754 duxi.
680 1719 738 1754 De
760 1720 926 1755 Barnesii
947 1718 1141 1762 editione‚
1169 1717 1242 1766 qui
1273 1719 1381 1754 hunc
1407 1716 1601 1753 libellum

301 1773 472 1807 Homero
492 1784 563 1808 suo
590 1773 796 1820 praefixit,
817 1773 1040 1810 monendus
1057 1780 1113 1810 est
1133 1776 1291 1817 Lector,
1313 1785 1411 1821 quas
1431 1772 1505 1808 ille
1521 1771 1602 1820 disq

300 1834 504 1875 crepantes
538 1828 724 1864 lectiones
756 1830 872 1866 Henr.
899 1830 1083 1878 Stephano
1110 1828 1279 1868 tribuit,
1316 1841 1394 1864 non
1423 1827 1601 1876 Stephani

300 1893 401 1927 esse,
429 1881 490 1917 sed
522 1883 780 1932 Iun-germanni
795 1898 807 1929 ;
839 1884 922 1932 qui'
944 1896 1027 1929 eas,
1063 1896 1083 1920 e
1118 1885 1238 1920 codice
1268 1885 1439 1920 Palatino
1469 1894 1602 1918 excer-

300 1944 407 1984 ptas,
426 1937 469 1972 in
491 1950 557 1973 ora
577 1938 639 1974 sui
660 1939 845 1975 Herodoti
866 1939 1072 1984 exhibuit,
1093 1939 1199 1975 unde
1222 1939 1368 1974 deinde
1386 1938 1429 1973 in
1456 1936 1600 1973 editio-

301 2003 351 2027 ne
369 1992 633 2038 Londinensi‚
653 2006 755 2042 quae
773 1996 875 2030 Galei
897 2006 1041 2030 nomen
1063 1994 1259 2042 praefert,
1282 1993 1471 2041 repetitae
1490 1997 1600 2033 suntq

301 2049 511 2083 Caeterum
528 2074 538 2091 ,
559 2061 807 2096 quamquain
826 2057 864 2085 et
881 2049 923 2084 in
941 2052 1086 2086 Graeco
1103 2050 1224 2085 huius
1243 2047 1376 2084 libelli
1393 2047 1576 2095 exemplo
1589 2072 1601 2096 ².

299 2103 587 2149 praeeuntibus
601 2103 804 2140 codicibus
821 2104 950 2140 msstis
962 2131 972 2148 ,
989 2104 1180 2140 nonnihil
1195 2104 1339 2152 passim
1351 2110 1422 2139 aut
1435 2109 1598 2138 mutan-

297 2155 396 2192 dum
412 2164 483 2193 aut
499 2157 773 2194 adiiciendum
791 2171 967 2195 censeam
982 2187 992 2204 ‚
1018 2160 1114 2196 etin
1135 2159 1272 2195 Latina
1291 2158 1471 2195 versione
1490 2157 1599 2193 mul-

299 2218 336 2247 ta
356 2212 604 2248 commodius
619 2214 753 2249 efferri
772 2215 1001 2261 potuerint3
1023 2222 1155 2250 tamen
1173 2221 1212 2250 et
1228 2217 1372 2251 Graeca
1390 2220 1430 2249 et
1443 2213 1599 2258 Latina,

297 2266 435 2314 qualia
454 2280 475 2302 a
501 2269 751 2318 IVesselingio
771 2269 875 2305 edita
894 2278 1012 2310 sunt,
1039 2269 1146 2304 nihil
1166 2275 1348 2313 mutans,
1374 2279 1601 2316 repraesen-

300 2321 395 2357 tavi.
439 2324 680 2359 Graecorum
709 2336 921 2368 versuum,
952 2323 1023 2372 qui
1058 2325 1286 2373 frequentes
1315 2323 1455 2359 inserti
1478 2327 1599 2367 sunt,

298 2376 521 2413 versionem
542 2378 727 2414 Latinam
748 2380 888 2426 paullo
909 2379 1219 2415 commodiorem
1233 2406 1242 2423 ‚
1261 2379 1393 2415 soluta
1419 2377 1599 2414 oratione

296 2432 620 2480 comprehensam
636 2459 646 2478 ,
664 2433 774 2470 dedit
797 2435 940 2471 Ernesti
961 2434 1004 2470 in
1025 2434 1085 2471 ed.
1103 2436 1263 2472 Homer.
1281 2435 1375 2471 Vol.
1393 2437 1442 2471 V.
1461 2446 1500 2482 p.
1524 2445 1537 2468 ι
1552 2445 1564 2468 1
1577 2431 1609 2480 52
