1718 2919
319 192 396 229 268
584 189 1339 231 ADNOTATIONES

316 296 400 338 les„
424 292 491 329 cui
519 294 764 343 suffragatur
788 296 845 331 Τι’.
866 294 1076 332 Hemsterh.
1091 295 1139 330 ad
1160 297 1313 332 Lucian.
1333 290 1458 345 [Tim.
1478 308 1512 332 c.
1529 293 1618 345 5o.<]

317 362 358 397 p.
384 349 472 392 164.
499 351 554 386 Ex
576 349 781 399 Thucydid.
800 352 851 385 V·
870 350 933 386 68.
962 349 1005 384 in
1024 350 1145 387 Schol.
1162 350 1211 385 ad
1239 350 1432 399 Aristoph.
1448 351 1534 398 Lys.
1558 362 1614 388 vsa

317 404 412 448 454.
436 416 505 452 pro
525 405 708 450 Νικηριτῶν
735 403 855 440 scribi
886 404 1035 452 poterit
1053 416 1197 441 nomen
1220 405 1403 453 Σκιριτῶντ
1430 405 1536 452 quod
1556 406 1613 442 fa-

314 464 380 495 vet
399 460 584 508 vulgatae
610 458 716 507 apud
744 460 923 496 Her-odet.
951 459 1114 496 lectioni
1141 460 1360 497 Πιτανητέων.
1389 459 1547 498 VALC
1560 462 1613 498 K.

316 532 368 541 --
399 514 551 556 Πιτοένκ,
579 513 770 550 Laconiae
789 514 984 562 oppidum
1011 515 1105 551 satis
1130 520 1294 550 notum:
1322 513 1429 562 quod
1459 526 1534 551 cur
1558 514 1613 551 si-

314 569 443 606 lentio
469 569 721 617 praeterierit
745 570 946 619 Stephanus
976 570 1066 620 Byz.
1093 570 1242 612 nescim
1272 568 1337 604 sed
1369 567 1419 605 de
1445 579 1492 605 eo
1518 581 1611 606 con·

315 623 396 659 suli
421 630 584 671 possunt
604 636 706 671 quae
724 624 962 660 memoravit
988 626 1199 661 Holstenius
1224 622 1273 660 ad
1298 623 1541 672 Stephanum,
1572 629 1618 661 et

317 678 492 716 cellar-ius
516 682 652 727 Geogr.
680 679 822 727 Antiq.
849 682 892 716 T.
916 681 945 716 Ι.
965 692 1002 727 p.
1023 692 1076 715 m.
1108 692 1223 725 ¹207·
1266 681 1346 716 Hoc
1367 689 1415 714 ex
1439 678 1609 728 oppido,

315 733 432 770 cuius
462 734 610 770 incolas
643 732 835 777 Πιτανῆτοις
868 733 975 781 (sive
1001 734 1137 771 dorico
1167 733 1358 770 idiomate
1384 731 1609 782 Πιταναὲτας)

314 788 438 825 dictos
459 789 580 824 fuisse
599 801 645 824 ex
665 789 735 824 hoc
755 791 935 826 Herodoti
955 790 1039 826 loco
1067 787 1245 838 intelligi
1272 788 1456 833 videtur,
1484 788 1613 831 credi-

314 843 399 879 bile
419 850 475 880 est
505 843 626 880 fuisse
658 843 700 879 in
733 844 1133 881 Lacedaemoniorum
1165 843 1341 880 exercitu
1368 845 1607 892 manipulum,

315 910 437 947 quem
462 898 626 946 perinde
648 904 687 934 et
706 900 910 939 IInoevnrs'oev
933 900 1036 944 λόχον
1057 905 1095 936 et
1116 896 1302 938 Πιτανήτην
1320 896 1424 943 λόχον
1443 899 1612 935 Herodo-

316 959 373 990 tus
391 953 520 998 dixit,
547 953 611 989 cui
643 953 856 1001 manipulo
884 955 1185 1002 Amompharetus
1221 953 1346 989 fuerit
1376 953 1611 1001 praefectus.

313 1011 394 1045 Iam
407 1035 416 1052 ‚
431 1008 535 1057 quod
554 1009 781 1059 Thucydides
800 1009 945 1045 diserte
959 1016 1072 1058 negat
1088 1009 1209 1045 fuisse
1227 1020 1408 1056 unquam
1420 1007 1527 1056 apud
1540 1011 1612 1046 La-

314 1063 585 1099 cedaemonios
615 1061 808 1103 Πιτκνοέτκν
839 1062 966 1109 λς’χον,
999 1077 1078 1100 non
1109 1063 1304 1100 continuo
1335 1062 1428 1098 inde
1451 1063 1613 1100 confici-

316 1124 385 1155 tur
403 1130 550 1154 errasse
570 1120 805 1154 Herodotum.
834 1120 1019 1155 Potuerat
1046 1119 1166 1156 etiam
1196 1119 1426 1171 Thucydides
1453 1117 1614 1167 aliqua-

315 1180 431 1210 tenus
453 1173 494 1209 in
524 1185 699 1209 errorem
732 1173 871 1209 induci
890 1189 897 1206 :
931 1180 1115 1221 potuerat
1136 1173 1209 1210 ille
1228 1185 1275 1209 ex
1297 1174 1492 1222 Spartano
1512 1185 1613 1222 quo-

315 1228 407 1264 dam
428 1240 618 1276 quaerere
633 1255 643 1272 ,
671 1228 792 1264 sit-ne
812 1228 855 1264 in
876 1229 1051 1266 exercitu
1083 1228 1483 1265 Lacedaemoniorum
1505 1225 1609 1274 λέχος

313 1283 488 1331 aliquis,
528 1283 600 1331 qui
631 1281 822 1325 Πιτανοέτκς
860 1285 1022 1331 proprio
1058 1284 1222 1319 nomine
1250 1283 1499 1331 adpelletur;
1539 1281 1608 1319 cui

312 1337 548 1386 respondere
581 1343 764 1386 potuerat
793 1338 1034 1385 Spartanus,
1067 1351 1138 1375 nec
1169 1351 1239 1374 sua
1279 1343 1406 1374 aetate
1442 1349 1521 1374 esse
1555 1343 1611 1373 ta-

312 1393 393 1429 lem
409 1419 419 1436 ,
449 1405 537 1437 nec,
568 1392 696 1441 quoad
719 1392 795 1440 ipsi
817 1400 1089 1440 compertum,
1111 1405 1305 1441 umquam
1327 1392 1461 1428 fuisse.
1493 1391 1609 1440 Quod

313 1448 477 1497 quidem
502 1461 580 1483 non
612 1447 782 1490 evincit,
812 1448 958 1484 falsum
991 1450 1236 1491 Herodotum,
1268 1460 1399 1495 quum
1421 1447 1612 1484 scriberet

311 1504 631 1552 Amompharetum
655 1503 836 1539 ductorem
856 1503 977 1539 fuisse
1001 1505 1175 1553 manipuli
1196 1504 1475 1547 Pitanatarum;
1501 1501 1609 1550 quod

312 1558 388 1594 ille
411 1558 493 1594 sive
519 1569 540 1593 e
560 1558 772 1594 literarum
796 1566 1057 1594 monumento
1075 1558 1248 1606 quodam
1267 1584 1276 1602 ‚
1304 1557 1386 1595 sive
1405 1568 1453 1593 ex
1481 1556 1610 1594 homi-

313 1626 414 1649 num
435 1613 553 1649 illius
574 1612 714 1649 aetatis
745 1613 823 1650 fide
855 1613 961 1649 haud
987 1613 1250 1663 indignorum
1282 1611 1511 1650 testimonio
1542 1623 1611 1660 po-

316 1673 447 1705 tuerat
463 1668 655 1716 accipere.
688 1666 732 1705 S.

375 1736 387 1757 1
399 1732 436 1767 [4.
464 1725 566 1760 κείνου
583 1739 636 1760 τοι
647 1723 730 1759 ὗτοι
752 1738 882 1765 νενωμ
894 1723 981 1760 ἔνου
998 1720 1013 1769 )
1029 1723 1279 1760 Excellenter
1296 1721 1458 1759 schedae
1473 1720 1608 1765 Arch„

312 1782 435 1826 atque
453 1789 499 1813 ex
517 1783 646 1814 vetere
665 1776 846 1813 dialecto.
876 1779 1081 1828 Hesychius
1097 1794 1106 1812 :
1125 1778 1295 1819 Νένωτοιι,
1320 1777 1348 1814 ἐν
1370 1777 1413 1826 νῷ
1435 1775 1530 1822 ἕχει,
1559 1787 1607 1812 ex

310 1833 504 1881 Sophocle,
533 1832 598 1869 cui
621 1834 855 1882 Etymologus
882 1832 926 1867 in
954 1834 1103 1870 Νένωτοιι
1122 1831 1334 1874 adscribit3
1374 1831 1444 1867 ubi
1474 1836 1513 1868 et
1536 1830 1610 1867 hoc

312 1890 579 1931 Anacreontis,
609 1886 626 1925 ὁ
649 1883 676 1923 δ’
695 1886 819 1931 ὑψηλοὶ
840 1888 1088 1929 νενωμένος,
1111 1887 1275 1924 sublimia
1299 1887 1420 1923 animo
1444 1887 1609 1936 agitans.

315 1943 482 1992 Cognita
502 1949 540 1979 et
561 1941 694 1980 Nostri
716 1948 812 1977 sunt
839 1942 962 1983 ἁλίσας
984 1939 1021 1982 δυ’
1046 1940 1197 1986 τούτους,
1220 1962 1238 1970 -
1254 1961 1272 1969 -
1291 1960 1310 1969 -
1334 1941 1516 1982 ἐνένωτο,
1548 1938 1607 1978 τᾶν

314 1999 466 2043 χειμῶνος
498 1999 609 2045 παρεὶς
639 2002 712 2032 etc.
739 1996 812 2033 lib.
845 1997 872 2032 Ι.
903 2009 966 2042 77.
995 2002 1035 2032 et
1056 1995 1072 2034 ὁ
1093 1993 1123 2033 δὲ
1151 1993 1336 2038 ἐννώσας
1362 1994 1408 2033 τοτ’
1438 1992 1606 2037 λεγόμενα

312 2051 414 2088 ibid.
431 2065 463 2089 c.
486 2053 550 2088 68.
589 2051 750 2088 Sint-ne
782 2062 874 2087 vero
906 2062 952 2086 ex
979 2049 1124 2093 {savoia-ug
1154 2056 1192 2086 et
1219 2047 1355 2091 ἐνενοῆτο
1382 2055 1606 2094 contracta,

313 2119 364 2150 an
386 2118 431 2142 ex
445 2113 574 2142 vetere
591 2104 673 2149 νόω,
695 2105 801 2141 unde
826 2106 926 2142 νῶο-οιι
946 2117 992 2141 ex
1015 2108 1157 2142 Nostro
1181 2105 1349 2141 Eustath.
1367 2104 1416 2140 ad
1444 2106 1547 2144 Poet.
1568 2117 1608 2152 p·

320 2170 446 2206 1424,
466 2162 530 2197 51.
559 2157 722 2210 [Odyss.
747 2173 783 2208 p.
809 2160 880 2203 66,
904 2173 937 2195 1.
963 2160 1025 2197 ed.
1052 2161 1134 2196 Bas.
1164 2160 1235 2195 ubi
1262 2160 1397 2197 Nostri
1419 2160 1552 2196 locum
1577 2161 1608 2195 Ι.

316 2217 387 2260 68,
426 2216 485 2252 15.
518 2215 728 2262 respexisse
758 2211 971 2265 videtui-:J
1001 2226 1142 2262 anceps
1173 2214 1217 2250 in
1240 2214 1606 2251 Grammaticorum

312 2270 475 2307 dissidio
509 2269 788 2307 controversia.
837 2270 985 2306 Contra
1018 2268 1195 2317 insurgit
1215 2268 1467 2306 doctissimus
1498 2268 1606 2308 Rich.

310 2327 442 2363 Dan-es
457 2325 624 2364 Miscell.
643 2324 783 2363 Critic.
808 2336 845 2371 p.
869 2337 956 2361 102.
984 2327 1109 2373 Negat
1126 2324 1205 2359 sibi
1226 2335 1333 2371 posse
1355 2322 1604 2372 persuaderi,

310 2382 537 2417 Herodotum
561 2380 775 2416 verborum
804 2378 974 2415 illorum
1008 2379 1181 2415 formam
1213 2379 1333 2415 talem
1365 2379 1408 2414 in
1439 2377 1605 2415 modum

310 2443 586 2480 conmutasse‚
614 2446 707 2471 cum
731 2446 781 2471 ne
798 2433 926 2472 Attici
954 2433 1120 2491 quidem
1153 2434 1195 2469 in
1224 2433 1311 2470 illis
1335 2432 1466 2471 crasin
1494 2431 1608 2470 adhi-
