1718 2919
404 131 409 146 1

310 220 384 258 ¹¹4
561 206 1318 248 ADNOTATIONES

303 325 392 361 doro
425 322 680 372 Epigramma
718 322 923 360 Analectis
946 323 1028 359 suis
1058 322 1232 359 inseruit
1266 323 1462 360 Brunckius
1488 324 1600 365 Tom.

301 380 364 416 111.
397 390 482 428 pag.
511 379 600 423 178.
630 390 743 414 num.
775 391 906 414 cxmu.
932 378 1135 428 vulgatam
1169 384 1303 414 tenens
1329 377 1599 426 scripturam,

302 436 424 483 quam
453 439 492 470 et
511 433 636 470 Iacobs
658 432 874 469 Animadv.
892 434 935 469 T.
953 435 1016 470 111.
1039 435 1076 470 P.
1093 447 1119 470 1.
1140 446 1179 482 p.
1199 433 1288 479 370.
1309 439 1445 469 contra
1470 435 1598 470 Valck.

301 501 348 525 ex
377 488 504 537 ipsius
525 489 704 525 Herodoti
733 488 863 524 verbis
891 500 974 535 cap.
997 488 1068 532 58,
1091 497 1112 533 4
1127 500 1207 536 seq.
1240 487 1506 535 probabiliter
1529 488 1598 524 de-

301 544 442 581 fendit.
467 542 581 592 Quod
603 543 632 579 si
653 542 752 591 quid
770 543 1012 579 incommodi
1036 543 1226 580 haberent
1242 541 1483 580 nominativi
1503 542 1593 589 illi,

301 595 517 641 α’πωσέἔμενσι
546 603 584 634 et
613 596 805 644 ῥυσάμενοι,
831 598 1025 646 suspicari
1056 598 1225 634 licuerat
1249 609 1296 634 ex
1325 597 1595 639 vetustissimo

298 653 498 691 scribendi
533 664 661 696 more,
697 652 770 700 qui
806 653 849 688 in
883 653 1218 700 Inscriptionibus
1256 651 1401 701 passim
1433 652 1594 690 diutius

298 709 419 746 etiam
437 707 620 752 duravit,
641 706 763 756 (conf.
786 710 903 744 Koen.
918 708 963 744 ad
988 709 1142 758 Gregor.
1162 708 1270 744 Dial.
1283 707 1418 745 Doric.
1434 703 1470 757 ᾧ.
1487 705 1592 756 131.)

299 763 625 800 terminationem
654 779 680 800 οι
710 762 816 798 idem
846 776 889 799 ac
914 780 950 799 ωι
965 769 1004 799 et
1034 781 1056 811 ῳ
1086 764 1239 807 valere,
1272 762 1592 811 sententiamque

297 831 376 855 esse
400 826 547 868 gratum
560 815 706 864 facturi
726 818 824 863 Iovi,
850 819 909 868 qui
926 831 1002 854 cum
1023 821 1195 867 Apolline
1225 819 1411 866 Medorum
1429 824 1593 856 catervas

296 875 438 924 abegit,
462 880 533 909 etc.
563 872 608 910 S.

407 926 548 967 CAP·
569 926 670 967 XL.
693 941 729 977 9.
747 928 774 964 ε’ν
799 928 844 976 τῇ
860 929 995 974 Βοιωτίῃ
1015 925 1307 974 ὗποκκτκμένευς)
1325 925 1498 964 Uberius
1516 926 1591 964 ista

295 984 484 1021 Plutarch.
502 983 693 1019 Themist.
723 996 759 1030 p.
789 983 875 1018 116.
892 994 923 1018 c.
957 983 1001 1018 In
1023 983 1154 1019 Isthmi
1173 984 1369 1019 munitione
1394 981 1524 1020 varios
1553 993 1592 1019 se

294 1039 391 1075 dant
410 1038 513 1075 docti
536 1038 737 1082 homines,
757 1038 970 1084 ablataque
989 1033 1072 1087 [ἐς]
1093 1037 1408 1086 praepositione,
1431 1033 1522 1088 [lin.
1545 1050 1591 1074 10

294 1108 368 1143 seq
358 1094 394 1139 ι]
416 1110 471 1131 τον
489 1091 623 1136 [equor
643 1109 763 1135 durau?
779 1107 868 1136 τειχε
862 1094 985 1134 ὀντοες,
1011 1090 1129 1131 τκνΠ
1120 1091 1328 1132 >οπόνννσον
1342 1094 1411 1140 πειὶ
1430 1094 1590 1130 πλείστου

292 1155 360 1186 etc.
380 1151 553 1198 fingunt.
582 1148 654 1185 Sed
675 1154 777 1184 stare
796 1147 1006 1195 vulgatum
1029 1154 1173 1194 posset,
1201 1160 1245 1183 ac
1263 1147 1370 1184 sumi
1391 1146 1440 1185 de
1461 1153 1592 1195 septo,

295 1204 339 1240 in
361 1180 674 1251 Pelo⁰p0nnesum
703 1214 838 1239 versus
861 1208 1082 1249 spectante:
1116 1202 1257 1238 malim
1292 1208 1447 1247 tamen,
1483 1200 1593 1250 quod

293 1271 340 1296 ex
371 1259 488 1296 Arch.
521 1257 703 1301 enotavi,
732 1258 807 1294 καὶ
844 1255 902 1297 τήν
936 1263 1086 1301 Πελοπ.;
1121 1257 1177 1293 sic
1207 1263 1327 1293 cessat
1358 1256 1591 1294 difficultas.

293 1314 408 1351 Conf.
430 1315 628 1350 Diodorum
647 1314 713 1349 XI.
739 1312 797 1347 16.
831 1312 1018 1349 ΧΥΕΞΒ.
1047 1332 1097 1337 -
1143 1312 1206 1348 Sic
1235 1323 1328 1348 sane
1356 1311 1590 1359 planissima

293 1370 434 1405 futura
455 1375 540 1404 erat
562 1368 703 1404 oratio.
733 1366 804 1403 Sed
835 1365 1016 1412 codicum
1048 1366 1172 1402 ferme
1199 1367 1386 1404 omnium
1413 1366 1456 1402 in
1484 1366 1593 1402 difli-

292 1423 474 1460 ciliorcm
516 1423 758 1470 scripturam
792 1421 995 1456 consensio
1034 1421 1160 1469 ipsam
1197 1422 1314 1458 illam
1352 1421 1590 1458 facilitatem

291 1485 510 1527 suspectam
534 1478 694 1514 reddere
718 1476 891 1514 videtur.
921 1474 966 1514 S.

401 1531 547 1572 CAP.
573 1530 701 1571 XLI.
727 1533 764 1570 6.
795 1532 843 1579 τῷ
865 1535 1044 1579 χρηστηρίῳ
1070 1548 1105 1569 τε
1133 1534 1230 1571 βςυλ.
1259 1527 1393 1581 ὖπκρ.)
1429 1531 1502 1568 Hic
1527 1536 1591 1568 tn·

294 1589 495 1626 tissimum
527 1589 606 1624 erit
627 1593 850 1636 exspectare
877 1586 976 1633 quid
1005 1587 1165 1623 Codices
1190 1587 1303 1624 nobis
1323 1587 1405 1623 sint
1437 1586 1592 1625 daturi.

291 1643 471 1686 πειθόμενοι
498 1643 541 1679 in
563 1643 727 1691 optimis
757 1642 790 1678 si
821 1641 1057 1685 omittetur,
1082 1655 1160 1677 non
1183 1641 1416 1690 displicebit
1441 1654 1463 1678 a
1495 1643 1591 1678 Gro-

292 1702 395 1736 ηονὶο
418 1699 615 1746 proposita
636 1698 767 1734 lectio.
795 1696 1010 1744 Participio
1028 1704 1199 1741 servato,
1224 1699 1384 1734 Koenius
1411 1709 1590 1734 commo·

292 1754 390 1789 dum
409 1755 533 1790 inesse
558 1766 717 1789 sensum
739 1754 904 1800 putabat
932 1752 987 1788 sic
1014 1752 1189 1800 seriptis:
1223 1750 1388 1790 ἔσπευσαν
1410 1748 1447 1790 δὲ
1473 1753 1589 1790 ταῦτα.

293 1808 487 1846 timui-{dou
517 1807 718 1850 πειθόμενοι,
747 1808 796 1855 τῷ
818 1809 998 1854 χρηστηρίῳ
1021 1822 1054 1844 τε
1073 1806 1265 1847 [Βουλόμενοι
1294 1806 1492 1854 ὗπηρετέεινι
1526 1818 1590 1843 re-

293 1864 422 1899 ferens
443 1875 586 1911 nempe
604 1862 645 1901 ro*
667 1861 847 1904 πειθέμενει
869 1861 915 1896 ad
932 1860 972 1898 τδ
993 1862 1172 1908 κγ’ςυγμκ,
1195 1861 1301 1909 quod
1326 1873 1396 1909 per
1408 1861 1587 1898 Atticam

294 1919 423 1954 suerat
440 1919 739 1966 promulgatum
754 1946 762 1961 ,
785 1923 830 1952 ut
844 1927 978 1951 omnes
995 1918 1077 1952 suis
1095 1917 1363 1958 consulerent3
1385 1916 1455 1964 qui
1479 1928 1589 1953 nunc

293 1972 525 2009 dicerentur
551 1973 751 2009 festinasse
779 1972 822 2006 iu
844 1971 983 2007 liberis
1008 1978 1045 2006 et
1072 1970 1228 2007 familia
1248 1971 1330 2007 alio
1354 1971 1589 2018 mittendis,

293 2027 495 2070 πειθόμενοι,
523 2029 572 2075 τῷ
589 2026 779 2075 κηρύγματι
802 2026 1008 2062 videlicet:
1038 2026 1144 2062 istud
1168 2026 1416 2074 placiturum
1440 2026 1589 2074 opinor

294 2081 337 2117 in
357 2082 530 2118 exilium
556 2082 764 2117 damnatae
786 2080 890 2117 vocis
909 2081 1194 2128 patrocinium.
1215 2083 1290 2117 VA
1302 2083 1368 2118 LC
1383 2083 1431 2117 Κ.
1452 2101 1503 2108 —-
1530 2083 1588 2120 At
1639 2120 1641 2122 ,

293 2136 384 2173 vide
413 2139 503 2173 Var.
521 2139 621 2173 Lect.
650 2148 719 2172 nee
737 2136 942 2174 dubitabis
965 2135 1144 2178 πειθόμενοι
1166 2135 1271 2172 istud
1293 2135 1354 2171 nil
1373 2136 1487 2172 aliud
1508 2147 1589 2174 esse

295 2191 373 2227 nisi
393 2191 796 2239 interpretamentum
815 2192 1027 2226 verborum
1047 2188 1238 2232 βουλόμενοι
1255 2189 1446 2237 ὖπκρετέειν.
1476 2190 1522 2229 S.

353 2248 388 2282 8.
420 2244 494 2287 ὅφιν
525 2249 631 2287 μέγαν
653 2244 794 2287 <beilum
819 2246 877 2287 τῆς
904 2243 1125 2292 εἰκξσπέλιος)
1160 2246 1351 2282 Eustathio
1376 2245 1418 2285 in
1449 2246 1587 2295 Odyss.

296 2314 380 2350 pag,
406 2301 503 2344 1425
520 2327 530 2344 ,
553 2313 589 2347 7.
618 2296 688 2350 [p.
711 2300 783 2343 64,
809 2312 868 2334 11.
894 2299 953 2334 ed.
985 2296 1088 2347 Bas.]
1118 2298 1258 2347 οἰκουρές
1288 2298 1434 2348 Speciem,
1469 2300 1585 2346 Φύλαξ

297 2357 355 2397 τῆς
375 2353 550 2397 πολιοίδομ
576 2356 696 2390 etiam
713 2354 897 2404 Hesychio
918 2353 960 2389 in
983 2352 1139 2400 Οἶκουρᾶν
1160 2352 1247 2395 ἔφη.
1279 2356 1400 2392 Altus
1423 2356 1482 2390 ibi
1502 2355 1588 2393 fuit

296 2422 421 2458 usque
442 2409 486 2444 in
506 2410 722 2446 Philostrati
741 2421 883 2446 aevum
899 2435 909 2452 ‚
928 2411 1032 2445 leon.
1052 2408 1123 2444 lib.
1142 2410 1189 2445 11.
1206 2422 1243 2456 p.
1263 2410 1371 2454 857.7
1395 2410 1465 2447 ubi
1486 2423 1587 2446 non-

295 2465 413 2501 nulla
441 2467 604 2502 Olearius
619 2493 630 2511 ,
659 2464 723 2501 sed
751 2463 982 2513 plenissime
1001 2464 1053 2503 10.
1076 2467 1254 2501 Meursius
1276 2466 1439 2514 Cecrop.
1458 2477 1492 2502 c.
1517 2478 1584 2502 20.
