1718 2919
289 225 339 265 58
577 222 1322 265 ADNOTATIONES

290 343 354 367 ma
382 332 563 368 Reiskius:
598 332 724 376 Hune,
754 331 834 376 ait,
860 334 975 368 locum
999 345 1072 368 non
1100 333 1253 368 concilio
1277 345 1355 368 cum
1384 343 1470 381 pag.
1492 331 1588 382 459.

290 388 416 424 initio:
448 385 642 449 manifizsta
668 389 771 424 nimis
793 394 846 424 est
870 388 1126 424 contradictio.
1156 386 1250 430 Sed,
1277 385 1415 435 qualia
1445 386 1588 423 scribit

289 444 449 480 Reiskius
470 443 512 478 in
535 442 702 480 Miscell.
732 442 838 490 Lips.
859 444 938 479 vol.
957 444 1061 479 VIII.
1086 455 1170 492 pag.
1191 442 1280 478 502.
1270 468 1297 486 .‚
1330 454 1401 478 suo
1431 441 1516 478 loco
1536 453 1586 478 ne

290 498 471 545 tangend
465 511 483 534 ι
505 498 694 546 quidem,
721 497 753 535 si
774 497 866 547 quis
889 503 982 534 ante
997 510 1121 534 annos
1140 496 1358 545 scripsisset
1373 497 1498 533 ferme
1511 496 1588 534 du·

289 560 438 595 centos
454 553 604 603 quibus
625 554 697 589 ille
718 566 789 589 mo
787 553 844 589 lis
863 553 1002 590 fuisset
1018 554 1221 602 exceptus!
1242 551 1471 589 istiusmodi
1490 560 1586 588 con-

288 608 387 646 vitia
411 610 481 644 hac
506 607 797 657 aetatejerimus
813 638 822 654 ‚
851 623 925 645 non
947 609 1249 658 reprehendimus.
1292 607 1364 644 Hic
1384 619 1583 656 quaenam

289 663 451 700 tandem·
478 670 533 700 est
563 665 830 704 e'vxvrzowx'vszx?
869 666 1075 701 Persarum
1110 663 1297 700 manibus
1327 669 1512 711 ereptum
1540 662 1585 700 in

288 719 363 755 hoc
388 719 576 756 conflictu
600 720 714 768 Regis
741 719 905 756 cadaver
929 719 1096 756 victores
1124 718 1422 767 aliquantisper
1450 724 1587 755 tenue-

289 780 388 811 runt
419 775 656 823 Spartiatam
690 775 754 811 sed
789 774 855 813 hi,
890 776 1063 812 vincendo
1091 773 1280 824 fatigati,
1309 776 1381 811 vim
1411 774 1594 818 hostium,

290 829 341 867 0222
363 831 424 867 νέον
452 831 645 879 ἐρχςμένων,
674 845 748 867 ηοη
767 832 1032 875 sustinuerunt,
1055 837 1177 879 atque
1191 829 1326 866 eodem
1346 828 1412 865 die
1428 840 1590 873 omnes,

290 892 337 921 ut
357 891 498 922 notum
519 891 574 922 est
588 912 597 929 ,
630 885 900 931 interierunt,
920 886 1123 934 Persisque
1141 885 1236 921 adeo
1254 884 1475 922 victoribus
1494 886 1587 922 Leo-

289 940 408 977 nidae
439 941 594 990 regium
623 953 785 990 quoque
821 941 1080 990 reliquerunt
1103 940 1287 985 cadaver,
1323 939 1430 989 quod
1457 939 1587 988 capite

290 1001 524 1033 truncatum
546 997 672 1033 iratus
694 999 840 1034 Xerxes
859 997 901 1032 in
923 1008 1081 1033 crucem
1105 996 1196 1032 tolli
1222 995 1354 1032 iussit.
1381 991 1450 1047 [In
1469 994 1588 1032 editis

287 1051 433 1087 deinde
451 1052 882 1089 Animadversionibus
902 1052 1066 1089 silentio
1086 1052 1193 1088 hunc
1208 1051 1342 1088 locum
1360 1051 1467 1087 idem
1487 1052 1590 1087 Reis-

288 1107 361 1143 kius
384 1104 626 1157 praeteriit.]
657 1107 884 1145 Secundum
903 1108 1043 1144 fictum
1058 1107 1247 1144 Plutarch.
1264 1108 1370 1143 T.11.
1388 1119 1426 1155 p.
1445 1105 1533 1142 306.
1552 1120 1590 1143 D.

290 1161 366 1211 [in
399 1163 540 1198 libello
572 1164 642 1211 qui
677 1164 861 1200 parallelo,
883 1162 1150 1209 inscribitur]
1178 1174 1224 1198 ex
1254 1161 1450 1199 Leonidae
1477 1160 1590 1197 cada-

289 1229 380 1254 vere
410 1220 517 1254 Persa
549 1219 655 1260 τέμνει
677 1217 734 1259 τήν
759 1215 919 1266 κκρὲίκν,
952 1220 1010 1255 καὶ
1038 1212 1103 1265 εἶρε
1123 1214 1277 1255 Bon-sixti:
1307 1216 1439 1255 verbis
1458 1221 1590 1253 muta-

293 1272 342 1308 tis
372 1273 491 1309 illinc
523 1285 603 1309 rem
628 1279 764 1310 narrat
788 1273 965 1309 eamdem
992 1273 1161 1309 Stobacus
1189 1286 1226 1321 p.
1247 1285 1294 1322 92
1311 1299 1320 1316 ‚
1346 1274 1399 1316 5.·;
1422 1271 1589 1320 utrique

289 1327 471 1365 citantur
486 1330 674 1365 Aristidae
692 1330 855 1372 Persica,
887 1328 1075 1365 omnibus
1104 1327 1199 1364 aliis
1222 1327 1447 1370 invisitata3
1479 1326 1588 1374 apud

289 1383 414 1420 illum
442 1396 532 1420 mox
562 1384 604 1420 in
637 1384 801 1420 historia
828 1385 1006 1420 Romana
1032 1382 1226 1419 laudatur
1254 1382 1377 1420 etiam
1408 1383 1592 1420 Aristides

289 1441 474 1476 Milesius:
508 1439 733 1476 istiusmodi
757 1440 1009 1475 nebulonum
1036 1437 1242 1475 mendaeia
1265 1438 1335 1474 vix
1353 1437 1474 1487 digna
1494 1443 1591 1474 sunt

290 1494 529 1532 memoratu.
572 1494 786 1543 Lipsiensis
819 1507 928 1531 nunc
958 1495 1059 1531 forte
1093 1493 1270 1531 Criticus
1301 1495 1348 1530 R.
1376 1489 1591 1544 [Reiskius]

291 1550 505 1593 fatebitur,
536 1557 728 1587 cunctante
755 1553 852 1601 stylo
878 1550 1068 1587 elaborata
1095 1556 1275 1586 veterum
1300 1549 1448 1598 scripta
1470 1548 1594 1597 paulo

291 1618 370 1642 esse
395 1605 683 1642 consideratius
706 1605 998 1643 contrectanda.
1029 1606 1245 1642 VALCK.
1275 1625 1328 1631 —
1371 1604 1433 1642 Ad
1456 1604 1590 1641 locum

291 1661 396 1710 quod
418 1668 584 1710 spectat,
610 1661 657 1697 ad
684 1673 805 1709 quem
824 1661 897 1698 ista
916 1660 1139 1709 disputavit
1167 1662 1444 1705 Valckenarius,
1471 1659 1594 1696 adno-

292 1723 376 1753 tare
397 1717 583 1765 equidem
603 1717 644 1752 in
670 1718 761 1753 Var.
779 1719 881 1754 Lect.
898 1717 1114 1752 debueram
1132 1743 1141 1760 ‚
1163 1715 1206 1751 in
1226 1717 1342 1752 Editis
1362 1722 1449 1753 ante
1462 1715 1592 1752 Wess.

291 1778 331 1809 et
352 1772 393 1808 in
418 1775 542 1809 Msstis
560 1772 615 1808 sie
634 1773 894 1809 constitutam
915 1771 1228 1820 distinctumque
1246 1782 1325 1807 esse
1344 1770 1590 1807 orationem:

292 1830 452 1866 ’πίπτοντι
490 1827 695 1873 μαχεόμενει
731 1828 810 1876 ὑπὲρ
836 1829 897 1865 τεῦ
928 1827 1036 1874 νεκςεῦ
1069 1827 1130 1863 τεῦ
1165 1823 1337 1864 Λεωνίδεω.
1375 1826 1519 1875 Περσέων
1552 1841 1590 1862 τ».-

292 1885 352 1920 xxi
373 1880 633 1923 Λακεὸκιμονίων
657 1881 799 1926 ὦθιτμές
826 1890 892 1919 etc.
933 1882 996 1919 Sic
1025 1881 1191 1931 quidem
1211 1888 1250 1918 et
1281 1887 1414 1918 noster
1447 1880 1531 1917 cod.
1548 1880 1591 1917 F.

292 1934 401 1986 (nisi
433 1938 539 1986 quod
567 1938 609 1973 in
633 1938 704 1974 hoc
733 1936 922 1983 μαχόμενοι
943 1936 1165 1983 scribitur)
1198 1949 1270 1974 nee
1295 1948 1342 1973 ex
1367 1935 1460 1973 aliis
1482 1934 1590 1971 coeli-

291 1993 405 2028 cibus
438 1992 551 2028 aliud
589 1993 815 2041 quidquam
851 1993 1035 2029 adfertur
1071 1991 1150 2028 nisi
1187 1990 1337 2035 ὠθησμδς
1369 2003 1417 2028 ex
1448 1992 1515 2028 Pa.
1552 1997 1593 2026 et

293 2047 397 2095 quo-i
428 2059 474 2084 ex
501 2060 579 2083 uno
605 2049 671 2085 Pd.
704 2049 907 2085 Larcherus
939 2047 1164 2092 adnotavit,
1190 2054 1278 2097 post
1306 2045 1515 2092 μαχεᾶμενοι
1545 2045 1590 2082 in

291 2102 368 2138 illo
395 2105 545 2139 incisam
566 2118 639 2140 esse
669 2107 870 2140 orationem
886 2133 893 2147 ‚
921 2110 1007 2153 post
1035 2100 1193 2141 Λεωνίδεω
1220 2116 1293 2139 ηοη
1311 2116 1384 2139 esse
1405 2104 1592 2151 interpun-

292 2164 400 2194 ctam.
430 2160 479 2194 Ut
502 2158 601 2193 olim
626 2158 724 2202 alii,
755 2158 810 2195 sic
829 2165 868 2195 et
890 2161 1002 2195 Valla
1026 2158 1195 2207 legerat,
1222 2158 1592 2206 interpretatusque

291 2218 400 2249 erat:
433 2215 484 2249 Hi
506 2215 574 2249 duo
603 2214 738 2250 Xerxis
748 2212 894 2261 fratres
908 2224 1020 2263 ‘super
1033 2215 1206 2250 cadavere
1223 2214 1406 2250 Leonidae
1422 2225 1594 2262 pugnan-

292 2275 343 2305 tes
369 2269 559 2305 occubuere
575 2296 583 2305 .
612 2269 700 2304 adeo
718 2270 915 2305 vehementi
941 2271 1134 2306 Persarum
1154 2266 1593 2317 Lacedaemoniorumque

291 2326 457 2372 conflictu
471 2353 480 2368 ,
500 2331 538 2359 ut
561 2325 690 2361 Graeci
710 2332 782 2361 etc.
812 2326 948 2373 Atque
969 2324 1013 2360 in
1033 2323 1168 2360 eadem
1192 2324 1348 2360 ratione
1363 2322 1592 2372 adquiesce-

291 2391 335 2415 re
354 2379 515 2415 fortasse
533 2378 813 2416 debueramus.
843 2379 1001 2416 Primus
1025 2380 1227 2416 Gronovius
1246 2378 1470 2428 suspicatus
1489 2383 1593 2421 erat,

292 2440 379 2481 post
405 2432 612 2480 μκχεόμενοι
637 2434 766 2471 forsan
796 2433 1162 2484 interpungendum
1193 2434 1314 2471 fuisse
1345 2433 1565 2470 orationem
1583 2459 1592 2476 ‚

293 2494 340 2529 ut
356 2490 474 2527 verba
493 2489 571 2537 ὑπὲρ
591 2490 653 2527 τεῦ
673 2491 781 2539 νεκροῦ
804 2497 871 2530 etc.
893 2490 940 2528 ad
962 2488 1168 2539 seq-nentia
1196 2490 1465 2527 reserrentur:
1488 2498 1594 2525 eam-
