1718 2919
267 284 365 323 AD
406 283 816 322 HERODOT.
856 281 939 324 VI.
970 283 1131 323 86-88.
1271 295 1348 322 211.

56 387 181 427 doteis
198 388 338 426 Latina
369 388 492 432 sacta.
520 388 613 424 haec
637 387 812 424 scilicet:
845 389 936 423 Erat
960 389 1052 424 enim
1077 388 1352 425 Atheniensium

58 447 98 481 in
130 445 240 481 Sunio
270 444 407 480 biremis
441 445 634 492 quaedam,
664 457 769 492 quam
798 444 925 478 Delum
955 445 1025 478 iam
1055 444 1136 478 inde
1165 456 1189 478 α
1214 444 1352 480 Theseo

59 501 252 549 quotannis
270 499 473 535 mittebant.
518 500 555 534 A
580 504 756 545 tempore
777 497 912 532 Thesei
928 523 937 537 .
960 497 1026 532 cui
1047 497 1216 533 debetur
1237 498 1354 534 insti-

61 560 218 598 tutum,
236 553 452 601 quotannis
475 552 518 588 in
537 553 685 588 Delum
706 551 864 588 missam
886 563 1025 588 navem
1040 578 1049 596 9
1065 564 1187 599 quam
1206 551 1354 600 Θεωρίδα

60 609 276 652 vocabant,
306 608 539 644 luculentus
560 607 665 643 testis
685 614 741 642 est
760 606 802 641 in
826 606 1026 642 Phaedone
1051 607 1159 642 Plato
1180 619 1219 654 p.
1237 608 1298 645 58.
1320 621 1355 645 Β.

61 663 179 700 cuius
195 675 280 698 eam
305 662 347 698 in
365 674 447 698 rem
468 663 583 698 verba
604 664 779 699 Meursius
797 661 876 697 iam
896 660 1004 696 dedit
1023 661 1065 695 in
1080 661 1224 697 Theseo
1243 674 1275 697 c.
1295 675 1306 696 ι
1319 662 1356 698 6.

62 719 182 766 plura
199 718 390 767 Spanhem.
416 717 459 752 in
488 718 631 753 Callim.
651 719 795 764 Hymn.
826 716 869 751 in
888 716 977 752 Del.
994 729 1050 752 vs.
1072 716 1162 752 315.
1189 718 1234 752 In
1255 717 1356 752 Delo

61 785 169 809 sacra
191 773 397 816 curaturi,
422 778 459 807 et
489 772 561 820 qui
584 771 806 819 publicitus
827 770 996 806 Athenis
1014 771 1061 807 ad
1087 771 1202 807 ludos
1222 770 1358 807 mitte-

64 828 216 863 bantur
232 827 411 863 solennes
424 853 433 871 ,
453 826 553 862 cives
573 837 727 873 semper
740 832 855 861 erant
882 825 1197 868 honoratissimi3
1219 826 1358 874 quales

64 893 111 918 ex
134 895 204 918 sua
236 893 397 931 quoque
416 881 576 917 civitate
601 880 712 916 mitti
739 881 870 916 voluit
889 881 996 917 Plato
1017 879 1091 922 τούς
1111 878 1275 928 οἵρχοντκς
1298 882 1359 923 τῆς

65 937 204 984 θεωρίκς
220 934 381 979 {ndo-Tne,
402 935 449 972 de
470 936 601 984 Legib.
619 937 702 972 XII.
723 948 761 982 p.
780 944 869 984 947.
886 950 924 970 A.
957 937 1065 971 Unus
1079 939 1163 970 erat
1181 935 1360 982 plerum-

67 1003 147 1040 que
165 990 380 1039 Ἀρχιθέωξος.
420 991 481 1028 τῶν
507 990 705 1038 οἷρχιέεωρῶν
735 996 864 1025 tamen
897 990 1086 1025 meminit
1111 994 1150 1025 et
1174 991 1358 1026 Andocid-

69 1059 109 1094 p.
131 1046 176 1081 52
191 1072 201 1090 7
222 1054 287 1090 44.
309 1046 516 1082 Herodotus
533 1045 590 1085 τιέν
610 1041 749 1092 θεωξίδκ
767 1045 828 1085 vix
851 1045 971 1081 fuisse
995 1044 1136 1080 scribit
1154 1042 1282 1092 πλήρεα
1302 1044 1361 1082 οἷν-

68 1098 146 1149 δρῶν
171 1101 236 1137 τῶν
263 1099 396 1148 πρώτων
414 1098 600 1139 Ἀθηναίων.
639 1099 774 1135 Stabat
792 1099 927 1136 Attica
951 1099 1113 1135 Theoris
1143 1099 1185 1134 in
1210 1100 1362 1136 Delum

64 1154 284 1191 traiectura
305 1155 357 1192 ἐπὶ
379 1156 514 1201 Σουνίῳ.
551 1153 653 1189 Hinc
678 1153 722 1188 in
744 1154 892 1190 Delum
924 1154 1024 1190 olim
1057 1153 1215 1190 traiecit
1238 1154 1362 1190 etiam

66 1212 239 1246 Latona:
261 1209 463 1259 Hyperides
486 1208 527 1243 in
551 1208 711 1244 Deliaca
725 1235 734 1253 ⁷
765 1207 828 1245 ἄπ’
851 1207 957 1257 ἄκρας
974 1210 1033 1251 τῆς
1051 1208 1207 1251 ’Animis
1224 1208 1244 1250 ἦ
1264 1208 1363 1249 Aure.)

68 1264 168 1304 ἐπέβη
184 1265 242 1306 rig
262 1262 373 1304 wia-ov:
394 1264 539 1299 excitat
554 1263 626 1299 ista
643 1263 763 1300 Schol.
777 1263 822 1298 in
837 1265 993 1300 Aristid.
1009 1264 1221 1300 Panathen.
1239 1269 1365 1300 mstus

69 1319 166 1355 clar.
186 1319 399 1355 Burmanni.
434 1320 510 1354 VA
522 1320 589 1355 LC
606 1321 655 1354 K.
683 1338 734 1344 —-
764 1318 980 1355 Laurentio
1011 1319 1147 1356 biremis
1171 1320 1366 1368 quaedam,

69 1387 175 1423 quam
188 1375 315 1410 Delum
334 1376 405 1410 iam
426 1374 506 1409 inde
525 1387 547 1409 a
566 1374 702 1409 Theseo
726 1376 919 1422 quotannis
938 1374 1146 1410 mittebant:
1165 1385 1256 1410 vere
1274 1373 1366 1421 qui-

68 1429 159 1464 dem
172 1455 181 1473 ‚
200 1434 322 1477 atque
341 1440 387 1464 ex
402 1430 565 1465 Platonis
586 1427 706 1464 initio
723 1429 945 1473 Phaedonis;
962 1429 1023 1464 sed
1045 1428 1222 1473 uberius,
1241 1440 1367 1477 quam

72 1483 204 1519 fuerat
220 1494 380 1521 necesse.
410 1484 467 1520 De
488 1497 596 1521 sacra
614 1484 685 1519 hac
707 1497 795 1520 nave
812 1481 939 1531 ,9εωρίδι
958 1490 997 1520 et
1015 1485 1145 1532 θεωροῖς
1163 1483 1263 1520 libet
1282 1489 1368 1531 post

70 1537 305 1588 diligentem
322 1540 383 1575 Ez.
397 1539 603 1587 Spanhemii
621 1538 669 1574 ad
687 1538 851 1574 Callim.
870 1540 915 1574 H.
935 1539 1024 1575 Del.
1043 1551 1098 1576 vs-
1112 1539 1202 1582 314.
1221 1544 1259 1575 et
1278 1540 1368 1575 Vat-

74 1594 231 1629 cltenarii
251 1593 294 1628 in
316 1594 505 1629 Ammon.
528 1593 602 1628 lib.
618 1594 664 1629 ΙΙ.
688 1593 723 1628 5.
747 1605 906 1641 operam
928 1592 1059 1630 silere.
1089 1594 1273 1631 WESS.

182 1645 329 1687 CAP·
347 1645 684 1686 LXXXP⁷IJJ·
706 1648 740 1684 5.
762 1651 910 1695 προτέρην
928 1647 1050 1685 ἕωῦτςῦ
1070 1644 1241 1697 ε”ξέλκο-ιν)
1269 1650 1371 1685 Tur-

76 1703 148 1738 bae
163 1703 471 1739 amanuensium
497 1703 545 1738 de
563 1703 762 1750 corruptis
784 1708 981 1738 testantur
1008 1702 1152 1739 verbis.
1194 1703 1234 1739 Si
1259 1704 1372 1740 Valla

75 1757 264 1803 dedisset,
294 1758 352 1793 hic
373 1772 473 1794 suam
502 1760 612 1806 ipsius
634 1760 793 1806 priorem
813 1757 1006 1793 abitionem
1031 1757 1112 1793 sive
1139 1757 1371 1794 abiectionem

79 1814 267 1862 Aeginetis
293 1815 484 1862 inputans,
506 1812 654 1848 diceres
687 1811 916 1860 conspirare
944 1825 1037 1848 cum
1067 1813 1285 1849 Passioneo:
1307 1825 1373 1850 ve-

80 1879 173 1903 rum
189 1869 275 1903 eius
294 1880 374 1904 non
396 1874 503 1911 sunt,
523 1867 655 1903 addita
676 1880 698 1902 a
720 1873 938 1903 correctore
956 1868 1147 1912 Phoenice,
1169 1867 1373 1904 incertum

79 1934 160 1970 quo
178 1934 224 1957 ex
242 1922 386 1959 codice.
413 1923 557 1968 [Immo
568 1933 660 1957 vero
675 1922 802 1970 ipsius
819 1923 949 1957 Vallae
964 1923 1082 1958 verba
1101 1919 1228 1973 sunt.]
1257 1922 1373 1970 Quod

80 1976 233 2026 recepi,
262 1977 543 2019 μεμφόμενος--
564 1997 581 2004 -
611 1979 807 2025 προτέρην
838 1976 963 2014 ἔαῦτσῦ
988 1977 1209 2020 ἐξέλασιν,
1237 1989 1374 2014 omnes

81 2038 213 2067 motus
231 2032 360 2077 sedat,
383 2031 698 2080 indignationem
716 2032 931 2068 Mcodromi
949 2043 1168 2079 exponens,
1193 2033 1243 2068 ob
1260 2033 1375 2081 prius

80 2085 316 2122 iniunctum
341 2086 416 2123 sibi
438 2086 624 2122 exilium.
653 2087 746 2122 Tale
766 2086 839 2123 lib.
856 2089 908 2121 V.
931 2087 994 2132 76.
1025 2084 1077 2123 ἴτε
1101 2087 1153 2123 ἐπὶ
1180 2091 1375 2135 Πεισιστρα-

84 2138 190 2177 τιδέων
211 2140 400 2184 ἐξέλασιν
424 2141 606 2189 ὁρμηθέντες
625 2161 642 2168 -
662 2161 679 2168 -
700 2140 873 2179 οἷπίκοντο.
901 2142 988 2178 Non
1008 2140 1160 2185 nesci0‚
1181 2143 1264 2178 Cel.
1282 2143 1376 2179 Gro-

86 2196 188 2230 novio
208 2195 320 2231 aliud
341 2196 554 2244 placuisse:
585 2195 648 2231 sed.
666 2208 786 2231 suum
806 2195 955 2244 cuique
977 2196 1183 2243 pulcrum.
1218 2197 1378 2233 Retulit

85 2248 135 2285 'ad
154 2248 438 2286 Nicodromum
469 2250 695 2298 Philosophi
725 2252 860 2287 locum
888 2250 1004 2286 Polit.
1024 2253 1076 2288 V.
1100 2251 1138 2287 6.
1162 2251 1190 2288 ἐν
1215 2252 1328 2299 Αἰγίνῃ
1358 2250 1376 2288 ὅ

87 2302 146 2343 ἰ’-ἦν
164 2304 282 2351 πρᾶξιν
295 2303 374 2353 arpo}
389 2303 530 2352 Χοίρκτα
549 2305 680 2353 πράξας
699 2306 868 2352 ἐνεχείρησε
887 2307 1091 2347 μεταβαλεῖν
1107 2303 1165 2345 τήν
1184 2309 1354 2343 πολιτείαν
1366 2321 1375 2339 z

85 2360 126 2394 in
152 2361 295 2407 Aegina
332 2359 414 2396 urbe
442 2367 580 2396 mutare
607 2361 820 2409 reipublicae
842 2357 1009 2407 formam
1045 2373 1239 2409 aggressus
1266 2369 1319 2397 est
1348 2362 1378 2396 is

86 2414 146 2462 qui
170 2414 336 2461 oppidum
363 2415 511 2451 Chareti
534 2416 766 2463 prodiderat,
789 2426 957 2463 magnus
979 2415 1212 2452 casaubonus
1238 2416 1285 2451 ad
1309 2417 1380 2451 Po-

87 2467 162 2520 lyb.
198 2481 235 2515 p.
272 2468 359 2505 185.
389 2469 457 2506 Ed.
490 2472 633 2515 Gron..
662 2470 812 2506 dubius
847 2468 1041 2505 nonnihil
1076 2470 1126 2505 oh
1155 2470 1379 2507 Charetem.

87 2522 266 2561 WESS.

1024 2578 1109 2615 ΟΩ
