1718 2919
192 178 195 181 *
242 205 1107 248 AD‘HERODOT.1X.11-15.
1268 195 1344 247 23'3

65 310 328 361 quandam'in
347 312 517 362 Aeschyli
536 310 684 347 fabulis
700 314 868 346 ostentat
885 320 997 357 saepe
1016 320 1198 347 numero.
1229 310 1345 347 Θέλών

64 365 98 405 δὲ
119 363 215 404 τῶνδε
230 365 386 404 πεύσεται
405 366 514 408 λόγων
528 390 539 408 ,
560 367 683 414 cupide
702 366 916 414 libenterque
935 365 1075 407 audiet,
1095 364 1269 412 Choe‘ph.
1290 377 1344 400 vs.

69 433 160 469 791.
189 421 307 456 Plura
332 421 437 468 apud
474 420 535 457 el.
564 420 795 457 Abresehium
823 420 959 456 Anim.
992 418 1034 454 in
1062 419 1268 468 Tragicum
1296 419 1346 453 il-

65 476 156 511 lum
179 474 252 511 lib.
268 477 312 512 11.
336 485 395 522 14.
437 476 568 523 Quare
591 473 773 513 ἐβουλεύετο
801 473 928 515 θέλων,
960 474 1083 522 cupide
1107 473 1347 522 consultabat.

66 530 244 568 WESS.
263 550 313 574 -τ
345 530 490 575 ,,Θέλων
516 535 740 577 suspectum
759 544 766 562 ε
791 528 946 564 dixerat
964 529 997 563 R
1014 543 1034 564 E
1048 542 1060 564 1
1074 543 1087 564 s
1103 542 1150 564 KI
1164 544 1237 566 us.-
1270 531 1346 577 Ego

67 583 230 633 quidem
252 584 350 632 quid
381 584 457 620 sibi
485 583 583 621 velit
612 596 691 619 non
712 583 908 632 intelligo.
919 584 942 603 ‘⁶
981 585 1028 620 Et
1056 583 1142 620 Seu
1157 598 1179 621 u
1194 596 1297 620 L21u
1312 597 1349 633 s,

69 640 311 688 Wesselingii
343 642 483 677 Notam
514 638 745 686 respiciens:
778 637 923 685 „Quid
952 649 1043 674 vero
1075 642 1152 681 est,
1185 637 1348 686 inquit,

67 692 254 733 ἐβουλεύετο
273 694 378 730 θέλων
391 701 406 730 Ρ
425 696 531 730 Num
555 699 678 741 potest
693 691 741 737 μῆ
758 693 863 730 θ’έλων
883 692 1096 740 quisquam
1115 691 1349 732 βουλεύεσθκιὲ)

67 750 194 784 Nemo
223 760 424 796 unquam,
453 747 615 795 opinor,
645 747 699 783 ita
718 747 870 784 dixit.⁶‘
908 749 1045 795 Itaque
1072 748 1166 791 ille,
1189 753 1235 783 ut
1259 759 1350 792 nos,

68 800 260 849 Schaefero
279 803 481 839 calculum
500 802 717 851 adponens,
736 803 902 838 verbum
920 802 1046 847 illud,
1064 802 1169 849 quod
1190 814 1270 837 uno
1291 814 1352 836 co-

64 856 154 892 dice
172 863 330 905 excepto
345 857 417 893 alii
433 870 567 893 omnes
579 857 772 893 constanti
787 868 974 892 consensu
994 857 1201 900 exhibent,
1220 855 1348 893 eiecit.

69 911 182 959 Quod
203 923 291 961 ego,
311 912 442 948 denuo
463 913 571 948 hune
593 913 725 948 locum
750 912 989 959 expendens,
1009 912 1156 947 factum
1178 912 1349 947 nollem:

67 971 108 1002 et
126 966 267 1004 θέλων
288 966 453 1003 omnino
476 967 704 1003 restitutum
730 966 883 1002 auctori
904 966 1040 1003 velim.
1071 966 1249 1010 Scilicet,
1270 978 1350 1001 non

69 1020 208 1057 iuncta
233 1021 428 1057 debebant
455 1021 631 1071 intelligi
655 1020 838 1060 ἐβουλεύετο
863 1022 989 1057 θέλωνε
1017 1021 1122 1069 quod
1156 1026 1352 1068 perspecte

69 1075 206 1112 videns
226 1078 276 1112 H.
291 1077 510 1125 Stephanus,
526 1079 644 1112 verbo
665 1077 770 1113 θέλων
786 1075 1048 1111 commatibus
1065 1075 1271 1123 utrimque
1291 1075 1355 1111 in-

71 1136 263 1178 tercepto,
296 1130 351 1166 sic
377 1131 572 1167 ediderat:
607 1128 811 1173 ἐβουλεύετο,
844 1130 972 1172 θέλων,
1003 1130 1034 1167 εἴ
1048 1147 1112 1172 κως
1137 1137 1208 1166 etc.
1229 1143 1350 1178 quam

66 1184 365 1225 distinctionem
395 1185 586 1222 orationis
614 1185 697 1233 ipse
715 1185 836 1220 etiam
857 1185 1123 1233 VVesselingius
1144 1197 1235 1221 cum
1260 1185 1353 1220 aliis

70 1246 156 1288 post
186 1241 404 1289 Stephanum
433 1240 663 1277 Editoribus
701 1239 844 1275 tenuit.
889 1241 936 1276 Et
968 1240 1157 1275 nonnihil
1188 1239 1353 1288 quidem

68 1294 312 1342 impeditum
333 1295 460 1331 videri
493 1300 645 1343 poterat
673 1294 744 1330 hoc
767 1293 925 1330 dicendi
956 1307 1099 1343 genus,
1128 1307 1197 1330 nec
1223 1300 1353 1330 tamen

70 1348 338 1398 incongruum
368 1351 547 1386 Herodoti
577 1350 696 1398 stylo:
728 1350 912 1396 valetque
933 1348 1036 1384 idem
1056 1361 1100 1384 ac
1120 1349 1151 1385 si
1173 1349 1355 1393 dixisset,

74 1403 181 1441 θέλων
207 1402 339 1447 τούτους
366 1405 490 1453 πρῶτον
525 1405 622 1447 ἑλεῖν,
653 1402 836 1443 ἐβουλεύετο
871 1401 899 1439 εἴ
927 1420 990 1445 κως
1021 1409 1092 1453 etc.
1119 1406 1259 1452 cupiens
1290 1404 1355 1440 hos

68 1462 222 1507 primum
242 1472 386 1507 capere,
410 1459 615 1495 deliberavit
641 1473 706 1507 quo
725 1465 835 1507 pacto
862 1458 898 1494 id
916 1462 1078 1505 efficeret.
1107 1455 1150 1494 S.

130 1512 165 1549 5.
195 1512 215 1553 ἦ
239 1510 269 1550 δὲ
292 1513 393 1556 ἵππος
412 1512 710 1561 προελθοῦσα)
729 1515 815 1549 Non
837 1511 974 1561 ignoro
996 1514 1126 1550 Celei).
1143 1513 1221 1549 viri
1240 1508 1354 1562 [Gro-

74 1569 186 1612 novii,
205 1568 425 1615 προσελθοῦσαι
438 1565 783 1618 defendentis,]in
799 1568 943 1604 Portum
962 1569 1356 1616 Vallamquestrictu-

75 1635 136 1658 ras
150 1649 159 1666 ‚
191 1621 295 1657 haud
331 1622 503 1669 profecto
537 1623 582 1658 ad
618 1635 849 1659 consensum
886 1624 1201 1670 extorquendum
1237 1634 1355 1658 acres.

73 1669 252 1724 Quisque
266 1676 393 1721 videt,
419 1678 573 1714 Vindob.
593 1684 743 1713 rectum
763 1677 943 1714 tenuisse.
970 1681 1020 1714 w
1037 1679 1097 1714 Es
1111 1679 1146 1714 ὃ.
1166 1699 1215 1704 -
1247 1679 1360 1714 Prae·

73 1734 179 1767 misso
199 1733 357 1780 equitatu
375 1738 460 1767 erat
477 1732 520 1767 in
541 1734 669 1768 Vallae
689 1731 856 1768 Latinis:
876 1738 914 1767 et
929 1734 1055 1779 προελθ.
1074 1732 1353 1781 corrigendum

75 1785 200 1822 videri
222 1792 432 1822 monuerat
445 1788 571 1823 Portus
593 1787 635 1823 in
655 1786 782 1824 Lexic.
799 1786 880 1822 ion.
893 1799 984 1823 voce
1000 1786 1289 1833 Κατιπποέξεο-θοιι.
1309 1785 1355 1824 S.

183 1838 328 1879 CAP.
345 1840 457 1879 XV.
481 1855 515 1878 2.
540 1836 635 1880 rime
656 1838 829 1891 οἷγγελιή)
859 1835 931 1880 ἷκε
954 1841 1222 1889 patrocinium
1243 1842 1356 1889 inpe-

77 1900 154 1931 trat
171 1907 218 1930 ex
243 1895 316 1931 lib.
337 1896 441 1933 VIII.
470 1905 556 1941 140.
576 1897 644 1937 ἐμοὶ
666 1896 807 1938 οἷγγελίκ
839 1890 895 1935 ἷκε
921 1894 1015 1943 ’παραὶ
1037 1897 1220 1939 βασιλῆος,
1254 1902 1356 1932 etex

74 1949 286 1986 observatis
307 1951 501 1988 D'Orvillii
521 1950 567 1986 ad
591 1951 781 1988 Chariton.
803 1950 873 1985 lib.
892 1952 919 1985 I.
939 1963 975 1997 p.
996 1951 1057 1995 37.
1080 1953 1134 1987 At
1151 1952 1247 1987 Aldo
1267 1964 1357 1987 con-

76 2004 186 2053 gruit
203 2004 276 2040 lib.
293 2006 322 2041 I.
345 2005 406 2041 83.
430 2000 503 2045 {Me
524 2004 614 2045 α”λλκ
637 2005 804 2047 dyym‘n:
828 2011 867 2040 et
896 2004 1093 2051 proxime,
1115 2000 1189 2044 ἦλθε
1212 2005 1355 2048 §lyve->dn

76 2056 262 2106 πρόδρομος.
292 2061 474 2108 Euripides
498 2060 692 2096 Androm.
714 2072 768 2096 vs.
788 2073 851 2109 79.
879 2054 967 2100 ἦλθεν
996 2058 1108 2102 edm.
1136 2062 1258 2109 Iunge
1281 2063 1359 2096 Ra-

73 2114 229 2161 phelium
250 2112 292 2148 in
322 2115 445 2161 Epist.
464 2115 510 2150 ad
535 2116 659 2151 Galat.
680 2128 712 2150 c.
734 2115 752 2149 5
768 2141 777 2158 ⁷
800 2115 861 2150 23.
894 2114 1074 2151 WESS.
1104 2134 1155 2140 —
1201 2117 1256 2150 At
1276 2128 1354 2151 non

79 2162 174 2207 νῖλθε
201 2168 236 2204 h.
260 2169 289 2203 1.
307 2168 465 2205 dederat
483 2171 597 2206 Aldus
613 2199 620 2213 ,
641 2169 702 2205 sed
723 2163 818 2211 ἷκε,
842 2169 1177 2216 quemadmodum
1200 2169 1242 2204 in
1269 2172 1358 2206 Var.

75 2224 175 2258 Lect.
196 2229 298 2259 recte
319 2225 444 2260 l'Vess.
464 2224 637 2260 monuit.
664 2223 707 2262 S.

135 2278 170 2313 5.
189 2274 252 2314 Bau*
271 2276 512 2327 Δεκελέης)
541 2279 603 2315 Sic
620 2281 747 2321 IOnes3
773 2277 922 2325 reliqui
945 2279 1130 2320 Δεκελείκςε
1150 2273 1273 2327 [puto
1292 2291 1358 2314 vo-

79 2331 221 2375 luisse,
252 2331 401 2379 reliqui
431 2333 566 2369 Graeci
589 2330 806 2383 Δεκελειόιςε]
835 2332 940 2368 unde
968 2333 1138 2368 illorum
1162 2330 1275 2382 [scil.
1301 2335 1358 2369 Io-

78 2382 205 2435 num]
233 2385 399 2422 flexione
424 2389 577 2430 Δεκελέης
599 2387 784 2433 ἀπέχεσθαι
805 2400 836 2423 c,
859 2388 924 2435 73.
950 2383 1066 2436 [vide
1084 2389 1149 2423 IX.
1166 2388 1212 2432 73
1232 2385 1358 2437 extr.]

78 2442 163 2477 Gur
181 2438 270 2492 [lin.
291 2442 327 2478 6.
344 2448 378 2478 et
397 2437 459 2492 8.]
484 2441 709 2490 Tava'ypnv
736 2448 774 2478 et
804 2443 831 2485 ἐς
853 2442 1029 2493 Σκῶλον
1054 2441 1254 2487 dederim,
1290 2454 1358 2477 ne-
