1718 2919
268 187 365 227 AD
406 177 1120 239 HERODOT.1X.33-a5.
1267 185 1347 226 255

54 290 231 336 Ἐμιμέετο
253 288 474 334 Μελάμποδα
493 287 700 333 αἶτεὸμενος,
718 292 904 338 postulato
931 291 999 326 isto
1022 291 1182 327 imitatus
1200 297 1253 327 est
1268 291 1346 328 Meo'

54 347 266 396 lampodem.
296 342 524 392 Schaefitrum
542 344 898 393 prudentissimum
920 344 1078 389 virum,
1091 358 1168 381 non
1185 345 1346 390 dubito,
1405 379 1408 382 Α

57 401 90 438 si
128 399 378 449 splendidam
409 401 588 436 Herodoti
630 399 846 436 editionem
862 425 872 444 ,
912 412 1035 448 quam
1069 399 1344 448 imperfectam

57 456 188 492 adhuc
207 454 397 502 reliquit,
417 455 567 491 adiecta
592 458 696 491 nona
720 456 830 491 Musa
849 454 1051 491 absolvere
1070 454 1105 490 ei
1130 455 1345 502 placuerit,

57 509 234 546 eamdem
260 509 467 545 nobiscum
494 509 537 544 in
563 508 840 545 constituendo
868 508 1249 557 interpretandoque
1274 510 1347 546 hoc

55 564 142 601 loco
160 564 353 600 rationem
374 575 452 600 esse
475 564 756 612 probaturum.
789 561 836 601 S.

120 631 181 655 12.
208 618 249 656 τδ
270 617 468 666 τριτημόριον
485 619 545 661 τῆς
566 617 764 665 βασιλείας)
792 617 942 667 Largiti
963 610 1058 654 sunt
1077 616 1340 665 Melampodi,

59 673 228 723 gratiam
258 673 534 721 rependentes,
565 673 705 721 Argivi
727 671 772 710 τοὶ
792 670 845 712 δύο
868 674 947 720 μέρη
972 674 1030 715 τῆς
1049 675 1242 714 Βασιλείας,
1265 675 1344 709 Me-
1385 718 1391 722 ¹

54 729 214 776 lampus
230 739 322 764 vero
341 739 434 764 cum
455 727 577 763 fratre
591 727 731 764 Biante
750 727 972 775 portionem
994 740 1106 763 suam
1132 727 1347 763 conmuni-

54 782 180 819 cavit:
202 782 294 819 haec
315 783 494 819 Diodorus
510 781 581 820 lib.
599 783 669 819 IV.
684 783 749 818 68.
785 781 947 819 Clarius
964 781 1107 819 Critici
1126 782 1170 817 ad
1194 782 1346 818 Pindari

55 839 230 875 Nemeon
251 836 325 873 Od.
343 838 407 874 IX.
431 837 494 872 30.
516 848 699 886 purgasse
717 836 1005 884 Melampodem
1026 836 1221 872 Proetidas
1245 843 1345 872 cete-

57 903 200 940 rasque
217 892 352 928 furore
367 891 531 941 agitatas
545 892 653 940 μισθῷ
666 892 729 929 τῶν
751 890 832 929 δυοῖν
848 892 949 939 μερῶν
968 892 1026 932 τῆς
1040 893 1225 933 Βασιλείας.
1255 890 1341 928 Sibi

56 958 224 983 servasse
242 945 282 984 τδ
303 944 428 990 ἱζμισυ,
448 947 622 982 alterum
637 945 898 981 dimidiatum
915 944 1046 982 Bianti
1071 945 1179 981 ultro
1193 958 1343 983 conces—

58 1001 172 1046 sisse,
202 999 283 1038 ὥστε
305 1002 450 1043 γενέσθαι
471 998 529 1041 riv
553 997 629 1040 ἴλην
655 1002 829 1040 βασιλείαν
851 1001 1002 1047 τριμερῆ,
1036 1002 1343 1048 Melampodidas,

54 1056 266 1099 Biantidas‚
283 1056 482 1092 Proetidas.
511 1056 582 1090 Tot
602 1054 692 1090 illic
709 1055 894 1102 deinceps
914 1054 1041 1103 regiae
1059 1054 1257 1097 familiae,
1276 1054 1340 1091 sed

52 1110 268 1159 legitimae.
298 1109 562 1147 Vid.Pausan.
578 1110 622 1145 ΙΙ.
640 1122 651 1144 1
665 1110 699 1145 8.
717 1109 847 1147 WES
859 1109 896 1145 S.
917 1129 967 1134 —
994 1111 1149 1144 Praeter
1160 1110 1343 1146 dimidium

56 1167 180 1214 regni,
200 1164 305 1213 quod
326 1163 403 1200 sibi
424 1167 620 1212 Melampus
640 1164 928 1211 postulaverat,
948 1162 1113 1211 insuper
1134 1164 1249 1200 fratri
1270 1177 1342 1200 suo

56 1218 275 1268 postulavit
296 1221 438 1255 tertiam
460 1221 563 1268 regni
576 1224 738 1266 partem,
766 1229 908 1265 nempe
929 1217 1086 1253 tertiam
1110 1224 1259 1266 partem
1281 1219 1343 1254 di-

55 1273 216 1310 midiati
245 1273 357 1322 regni
388 1273 494 1321 quod
528 1272 688 1321 Argivis
716 1278 955 1320 superesset,
986 1272 1160 1320 adeoque
1191 1279 1341 1310 sextam

55 1334 208 1377 partem
235 1328 372 1366 totius.
411 1327 560 1377 Igitur,
580 1326 907 1375 quandoquidem
930 1327 1151 1363 conditioni
1171 1327 1343 1363 subscri-

54 1389 220 1432 pserunt
245 1381 407 1431 Argivi,
439 1383 589 1430 accepit
614 1383 837 1429 Melampus
867 1393 958 1417 cum
1002 1382 1123 1418 fratre
1165 1388 1341 1429 quatuor

53 1444 177 1474 sextas
202 1444 352 1485 partes,
377 1436 417 1472 id
444 1443 500 1473 est
520 1437 618 1473 duas
637 1437 684 1472 de
706 1436 835 1472 tribus
859 1435 1040 1483 partibus
1062 1436 1183 1472 totius
1205 1436 1339 1485 regni,

60 1498 105 1528 ut
122 1493 304 1529 Diodorus
323 1494 393 1528 Sic.
413 1492 472 1528 ait
491 1497 531 1527 et
548 1492 699 1528 Pindari
717 1493 946 1528 scholiastes.
973 1490 1017 1528 S.

157 1544 311 1586 vCAP·
327 1545 537 1584 XXXV.
563 1547 584 1582 6
601 1560 673 1595 seq.
703 1547 813 1587 μοῦνοι
832 1543 862 1583 δὲ
881 1544 917 1586 327¹
937 1544 1070 1582 πάντων
1082 1541 1178 1593 etc.)
1204 1544 1339 1582 Nemi-

53 1612 144 1637 nem
173 1600 317 1637 habuit
344 1602 519 1650 Cragius,
554 1613 674 1648 quem
705 1600 794 1635 iure
820 1606 1036 1648 opponeret
1063 1601 1265 1644 Herodoto,
1296 1605 1342 1637 ut

49 1655 202 1705 egregie
228 1657 282 1692 Io.
301 1658 436 1692 Meurs.
455 1655 626 1692 ostendit
653 1655 762 1692 Misc.
784 1657 870 1691 Lac.
893 1656 961 1691 lv.
986 1667 1017 1690 c.
1035 1668 1072 1690 x.
1107 1655 1340 1691 Tisamenus

51 1717 90 1746 et
114 1710 237 1746 frater
255 1710 341 1749 eius
371 1710 509 1759 Hegias
528 1710 582 1746 sic
601 1710 643 1745 in
665 1711 895 1746 Laconicam
917 1710 1027 1745 fuere
1052 1709 1252 1746 civitatem
1283 1721 1342 1745 re-

52 1764 178 1812 cepti,
198 1771 244 1801 ut
262 1765 396 1800 eodem
415 1771 625 1801 uterentur
640 1764 750 1809 iure,
778 1764 1000 1812 iisdemque
1020 1764 1236 1813 gauderent
1259 1763 1341 1812 pri-

51 1817 230 1868 vilegiis,
255 1819 404 1867 quihus
435 1832 527 1868 prae
557 1819 726 1867 reliquis
755 1819 1069 1855 Lacedaemoniis
1098 1819 1340 1854 fruebantur

51 1873 284 1922 Spartiatae.
316 1874 450 1924 Quibus
473 1876 744 1911 Lacedaemonii
762 1876 950 1910 victoriam
967 1880 1217 1923 reportarunt,
1238 1876 1341 1923 quin-

51 1942 117 1977 que
128 1930 270 1977 praelia
295 1924 385 1978 [lin.
407 1941 425 1974 7
447 1926 569 1979 seqq.]
596 1929 690 1965 hinc
715 1929 848 1965 eodem
866 1929 1007 1964 ordine
1029 1928 1225 1964 recensuit
1246 1930 1339 1965 Pau-

51 1985 175 2019 sanias
200 1985 262 2019 ΙΙΙ.
284 1995 322 2030 p.
341 1983 429 2019 233.
464 1985 508 2020 In
528 1983 666 2020 ceteris
691 1983 796 2018 nihil
817 1989 873 2019 est
891 1983 1164 2024 difficultatis,
1195 1988 1339 2031 quarto

51 2037 421 2074 locomemoratum
441 2035 530 2088 [lin.
555 2035 636 2088 11.]
653 2038 833 2075 exercuit
853 2039 977 2074 Ioach.
997 2039 1186 2075 Kahnium
1205 2044 1243 2073 et
1262 2039 1339 2073 Iac.

49 2092 284 2137 Palmerium,·
301 2093 423 2128 huius
440 2092 541 2128 mihi
559 2093 602 2128 in
621 2094 804 2129 Herodoto
821 2093 1056 2129 verisimilis
1069 2093 1231 2128 videtur
1248 2104 1341 2128 con-

51 2146 203 2183 iectura
217 2173 226 2191 ‚
265 2147 498 2196 corrigentis
531 2150 717 2188 Μεσσηνίων
750 2147 768 2185 o‘
798 2146 876 2195 πξδς
905 2148 955 2195 τῇ
988 2145 1156 2195 Ἰθῶμῃε
1194 2147 1258 2182 sed
1292 2147 1336 2182 in

48 2202 231 2238 Pausania
250 2203 434 2238 neutrius
460 2204 586 2250 placet
611 2208 823 2238 tentamen.
854 2203 1069 2238 VALCK.

111 2268 170 2292 ιι.
200 2255 218 2293 o‘
244 2255 324 2304 πρδς
345 2258 395 2305 τῷ
418 2256 595 2305 Ἰσθμῷ)
626 2257 785 2293 Bellum
817 2256 1022 2304 Spartanis
1044 2251 1224 2292 Messenii
1256 2268 1336 2291 una

48 2321 140 2345 cum
160 2310 309 2346 Helotis
324 2336 334 2355 ,
364 2315 551 2359 occupata
568 2312 726 2356 Ithome,
751 2311 992 2347 conflarant:
1017 2311 1134 2346 istinc
1154 2322 1212 2346 res
1233 2316 1336 2359 gesta

47 2363 92 2399 in
118 2364 250 2400 decem
271 2377 418 2410 annos,
446 2365 675 2415 longissime
699 2366 749 2401 ab
780 2366 928 2401 Isthmo.
965 2366 1192 2412 Thucydides
1215 2365 1288 2401 lib.
1306 2366 1334 2400 I.

1317 2419 1335 2428 ω

50 2430 139 2457 101.
161 2426 200 2456 et
225 2421 404 2457 Diodorus
430 2421 502 2456 lib.
531 2423 596 2457 XI.
624 2422 688 2464 64.
717 2425 827 2456 testes
854 2425 962 2456 sunt.
1006 2422 1105 2467 Ergo
1131 2418 1149 2456 ἑ
1174 2418 1254 2466 πρός
1283 2435 1329 2463 τη
