1718 2919
362 220 903 263 ADHERODOT.
941 220 1250 272 vns90-95.
1363 222 1443 270 345

211 329 247 364 8.
276 325 366 365 α”πδ
396 323 426 364 δὲ
453 324 586 375 Λύκου)
616 328 672 363 Ex
700 339 823 376 marg.
852 327 975 376 Steph.
1001 326 1124 375 recipi
1154 325 1342 374 potuisset
1368 326 1443 361 He-

153 384 338 419 rodoteum
356 381 421 418 ἐπὶ
440 378 471 418 δὲ
492 380 616 419 Λύκου.
633 383 851 419 VALCK.
874 402 925 410 --
962 381 1084 429 quue
1109 381 1252 425 merito
1269 393 1291 416 a
1314 381 1442 417 Wesc.

152 442 368 484 receptum.
399 434 443 474 S.

264 488 404 530 CAP.
428 486 616 529 XCIII.
638 486 706 540 [6-
736 491 762 527 ἐν
791 494 875 528 τοῖσι
904 489 1056 539 πρώτοισι
1077 490 1142 527 τᾶν
1169 487 1306 537 λόγων)
1336 487 1441 525 Vide

152 541 271 583 lihl.
291 558 374 593 cap.
403 558 489 591 ¹7¹·
525 541 595 594 S.]

263 597 409 639 CAP.
439 596 623 638 XCIV.
658 598 694 636 5.
728 600 898 642 Πελασγοὶ
930 594 1134 649 Αἷγιαλέες)
1165 597 1308 635 Omnis
1340 597 1440 634 olim

152 656 441 703 Peloponnesus
457 681 467 698 ‚
487 655 729 703 Pelasgia5
759 654 822 689 sed
843 653 1035 702 quoniam
1057 653 1099 688 hi
1121 653 1370 690 maritimam
1390 651 1443 688 si-

152 723 228 747 nus
247 708 495 746 Corinthiaci
521 722 630 745 oram
653 714 885 757 tenuerant,
909 713 1113 756 propterea
1134 709 1314 750 Αἰγιαλεῖς.
1336 706 1443 743 Mul-

152 771 189 802 ta
214 764 296 801 viri
322 763 524 809 illustres,
553 764 786 814 Spanhemius
810 763 855 799 ad
879 763 1092 800 Callimachi
1115 765 1161 799 H.
1177 762 1265 799 Del.
1284 774 1339 798 vs.
1357 760 1440 808 73„

149 825 191 855 et
205 819 379 856 Buherius
399 818 500 856 Diss.
522 819 664 856 Herod.
683 831 715 855 c·
738 832 774 868 9.
795 831 832 866 p.
855 831 939 868 92„
964 818 1115 866 optime
1133 817 1309 868 Hesychii
1335 816 1443 852 erro'-

151 885 237 911 rem
266 874 310 910 in
345 874 514 916 Αἰγιαλεῖς
539 873 732 922 detegens.
778 873 935 909 Falsum
967 884 1165 921 namque,
1197 870 1345 921 πρότερον
1379 882 1441 907 eos

145 927 274 971 Ἴωνες,
301 934 387 976 post
410 928 502 964 dein
523 928 690 970 Αἰγιαλεῖς
713 927 942 976 adpellatos.
966 928 1147 966 WESS.

261 980 405 1022 CAP·
433 979 590 1021 XCV.
620 996 651 1019 1.
671 984 845 1022 Νκσιῶται
870 979 926 1029 δὲ)
955 984 1121 1020 Insulani
1152 981 1194 1017 in
1223 979 1342 1016 classe
1368 977 1440 1014 hae

150 1037 300 1075 Persica
323 1037 397 1087 qui
425 1036 604 1082 fuerint,
639 1038 839 1085 praeclare
872 1038 1126 1075 Valckenarius
1161 1038 1301 1074 Noster
1335 1038 1440 1081 pate-

151 1092 246 1129 fecit
265 1105 311 1130 ex
334 1093 489 1130 Diodor.
507 1094 572 1129 XI.
600 1093 634 1128 5.
655 1092 840 1130 WESS.
860 1112 910 1117 —
941 1092 1046 1130 Vide
1070 1090 1327 1141 posteriorem
1351 1099 1440 1135 par-

150 1153 229 1184 tem
250 1145 532 1184 Adnotationis
549 1146 729 1194 proxime
744 1146 957 1194 sequentis.
993 1145 1038 1186 S.

207 1209 244 1247 4.
268 1200 375 1244 ’Ίωνες
397 1202 425 1239 οἷ
453 1200 516 1238 εἶπ’
543 1199 726 1251 memsam)
758 1203 924 1238 Duabus
956 1202 1137 1250 primum
1172 1198 1302 1236 literis
1330 1207 1440 1244 repe—

151 1256 238 1293 titis
255 1255 510 1293 scribendum
525 1257 723 1301 arbitror,
741 1254 847 1299 ’Ίωνες
868 1254 937 1294 ἴσον
955 1256 1019 1294 εἶπ’
1044 1257 1192 1297 Ἀθηνέων
1207 1271 1213 1289 :
1234 1255 1338 1290 Iones
1355 1257 1438 1288 sunt

149 1314 345 1362 quicunque
370 1311 527 1348 Athenis
554 1312 731 1361 originem
754 1312 918 1348 trahunt.
961 1313 1100 1348 Herod.
1132 1311 1204 1346 lib.
1230 1312 1260 1347 Ι.
1285 1322 1316 1345 e.
1350 1315 1438 1353 147·

149 1367 225 1405 Εἶσὶ
249 1363 279 1404 δὲ
305 1364 426 1408 ποίντες
449 1363 554 1409 Ἴωνες
581 1364 649 1404 ἴσον
675 1365 738 1403 oc’vr’
760 1365 896 1406 Ἀθκνῶν
926 1361 1139 1416 (Ἀθηνέων)
1165 1364 1346 1408 γεγόνασι,
1378 1363 1436 1398 καὶ

148 1419 355 1469 Ἀπατούρια
381 1418 500 1462 dmm
524 1419 638 1467 ὄρτνὶνε
671 1421 713 1456 hi
751 1421 873 1468 paulo
895 1420 1133 1458 dicebantur
1162 1426 1276 1463 ante,
1306 1419 1333 1455 οἱ
1362 1414 1438 1453 dm*

149 1476 210 1513 τοῦ
227 1473 423 1523 πρυτανκῗου
449 1476 509 1512 τοῦ
532 1474 703 1514 Ἀθηναίων
727 1474 907 1523 ὁρμηθέντες
931 1477 989 1513 καὶ
1017 1476 1192 1521 νομίζοντες
1213 1470 1436 1520 γενναιότατος

149 1528 229 1567 εἶναι
252 1527 379 1567 Ἰώνων.
407 1529 561 1565 Deinde
583 1541 691 1566 voces
719 1529 810 1566 istas
826 1556 836 1574 ,
860 1527 965 1573 Ἴωνες
984 1527 1052 1568 ἴσοι
1077 1529 1140 1567 ἀπ’
1159 1528 1328 1569 Ἀθηνέων,
1359 1527 1437 1562 huc

149 1584 328 1632 suspicor
346 1595 392 1619 ex
416 1590 507 1620 nota
527 1584 723 1620 traductas
737 1611 746 1627 ,
775 1597 896 1632 quam
916 1596 963 1621 ex
983 1585 1056 1621 lib.
1080 1586 1107 1621 Ι.
1128 1584 1292 1632 petitam
1316 1583 1439 1618 lector

150 1639 193 1675 in
225 1651 292 1675 ora
321 1638 476 1675 Codicis
504 1645 699 1686 posuerat.
729 1635 949 1689 [Fallacem
971 1639 1088 1676 illam
1118 1639 1238 1675 fuisse
1257 1636 1352 1675 Viri
1371 1637 1438 1671 do-

145 1693 313 1731 ctissimi
333 1693 597 1742 suspicionem
612 1721 622 1739 ,
647 1694 691 1730 in
712 1695 800 1731 Var.
817 1696 918 1731 Lech.
931 1689 1332 1742 demonstravimus-J
1349 1693 1438 1729 Noll

148 1749 279 1785 nescio
310 1748 354 1784 in
381 1749 452 1784 hac
480 1749 662 1798 gentium
691 1749 916 1786 recensione
943 1752 1133 1787 Nostrum
1166 1748 1246 1784 alia
1277 1756 1438 1796 quoque

144 1804 315 1848 dixisse,
352 1816 455 1852 quae
490 1804 708 1840 tradiderat
735 1804 972 1852 explicatius
997 1804 1119 1847 alibi3
1154 1815 1295 1840 verum
1329 1813 1438 1838 voees

147 1859 265 1904 istae,
282 1870 381 1907 quas
407 1858 608 1903 dicebam,
635 1859 707 1896 hac
728 1859 772 1895 in
802 1859 889 1895 sede
917 1859 1009 1896 satis
1035 1859 1193 1896 alienae
1222 1870 1315 1894 cum
1340 1855 1439 1893 vici-

147 1914 211 1951 nis
230 1925 379 1949 nexum
398 1913 546 1950 habent
562 1914 743 1950 nullum.
773 1915 998 1951 Herodotum
1025 1915 1162 1963 itaque
1176 1914 1224 1950 de
1243 1912 1304 1948 his
1325 1914 1440 1949 Insu-

145 1968 251 2005 lanis
272 1973 431 2005 tantum
460 1968 660 2017 scripsisse
687 1981 840 2006 censeo:
871 1971 929 2006 καὶ
960 1970 1056 2008 τοῦτο
1083 1966 1299 2011 Πελασγικδν
1329 1965 1436 2009 ἔθνος,

151 2021 276 2071 ὕστερον
303 2019 333 2060 δὲ
360 2021 504 2061 ’Ῑωνικδν
532 2022 649 2064 ἐκλήθη
672 2022 766 2062 κατ-σι’
798 2021 857 2062 τδν
887 2022 990 2062 αὕτδν
1014 2023 1114 2067 λόγον
1144 2027 1203 2061 καὶ
1225 2023 1261 2061 αἲ
1293 2018 1437 2060 δυώδεκα

149 2075 280 2120 πέλιεςτ
307 2080 380 2114 ista
396 2091 530 2127 quoque
552 2091 640 2128 gens
665 2080 884 2129 Pelasgica;
907 2085 1037 2128 postea
1056 2093 1138 2116 vero
1169 2080 1268 2115 dicta
1286 2074 1368 2124 fuit
1394 2075 1440 2117 ob

147 2132 303 2168 eamdem
321 2135 499 2169 rationem
518 2134 661 2178 Ionica,
689 2135 733 2170 ob
755 2148 860 2184 quam
883 2147 955 2170 ΧΠ.
981 2135 1165 2172 civitates:
1198 2132 1291 2171 notro)
1308 2130 1348 2170 ‘ro'
1376 2130 1440 2169 αὖ·

150 2184 210 2229 τέ,
242 2188 322 2233 καὶ,
349 2201 456 2237 aeque
472 2201 536 2233 ac,
561 2188 754 2226 similiter
782 2188 988 2234 adhiberi,
1014 2201 1134 2238 supra
1161 2187 1241 2224 fuit
1262 2187 1440 2223 observa—

149 2246 237 2276 tum
257 2241 305 2276 ad
320 2243 408 2279 VII.
426 2255 458 2279 c.
480 2243 542 2279 50.
561 2241 688 2292 [conf.
711 2245 796 2281 VII.
817 2246 889 2289 84,
913 2244 947 2282 3.
968 2250 1007 2280 et
1029 2246 1098 2289 86,
1121 2240 1182 2294 3.]
1225 2241 1441 2280 Insulam⁸

149 2294 191 2329 hi
226 2296 354 2333 Iones
386 2308 516 2345 neque
549 2298 642 2336 Chii
678 2304 813 2344 erant,
853 2310 925 2335 nec
950 2299 1097 2342 Samii;
1128 2298 1441 2347 distinguuntur

145 2349 257 2386 enim
285 2362 307 2386 a
329 2363 402 2387 x11.
423 2351 675 2395 civitatibus,
701 2366 804 2402 quae
828 2353 872 2389 in
902 2367 1032 2390 unum
1054 2355 1287 2391 coaluerant
1305 2351 1441 2400 reipu-

144 2404 275 2441 blicae
297 2417 463 2453 eorpus,
487 2406 531 2442 in
551 2408 794 2445 Panionium
813 2408 1027 2445 convenire
1040 2409 1200 2452 solitae3
1221 2408 1329 2444 inter
1348 2406 1440 2443 istas

140 2465 280 2497 autem
298 2473 371 2498 xri.
388 2459 491 2498 duae
505 2468 620 2501 erant
637 2463 913 2501 nobilissimae
934 2469 974 2500 et
1000 2463 1297 2512 potentissimae
1328 2462 1440 2500 Chius
