1718 2919
290 248 386 287 AD
430 246 833 286 HERODOT.
878 246 1001 288 VII.
1048 260 1111 285 ιο.
1295 249 1372 300 275

78 349 344 401 ληγοριίσαντκς,
380 351 421 395 ὥς
454 355 564 389 πλεῖον
592 352 813 399 φρονοῦντας,
842 352 1069 393 ammisit-ou,
1106 356 1152 386 ut
1187 350 1374 399 loquitur

78 407 248 456 Xenoph.
282 413 362 455 Κυρ.
381 406 500 447 Ἀνκβ.
523 409 592 444 VI.
615 419 701 455 pag.
724 407 798 442 223
816 433 824 450 ,
845 407 881 443 5.
904 406 984 442 vid.
1004 406 1180 457 Aeschyli
1198 408 1299 444 Pers.
1317 419 1373 444 vs.

82 464 173 512 829.
194 462 406 499 VALCK.

140 517 202 553 52.
236 513 321 554 οὖδέν
338 532 407 558 μιν
438 513 601 563 κνίζει)
627 514 944 552 Considerarunt
964 515 1058 550 haec
1078 514 1183 550 docti
1207 514 1287 551 viri
1301 543 1311 560 ,
1330 528 1375 553 ac

80 571 115 608 si
133 568 200 609 οὐδὲ
219 573 278 613 μὲν
290 578 407 607 esset:
433 570 547 615 inde⁷
567 570 658 606 nihil
674 571 784 607 laedit
797 596 806 614 ⁷
829 583 892 605 nec
904 571 1027 607 leviter
1043 570 1174 614 laedit,
1189 569 1374 618 aliaque,

80 626 131 663 ad
160 625 357 662 Artabani
381 631 554 661 mentem
584 625 792 662 concinne.
833 626 883 660 Ut
903 637 1012 660 nunc
1034 630 1130 660 sunt
1155 630 1194 660 et
1215 625 1376 662 Codices

79 681 244 725 volunt,
277 681 372 717 bene
391 680 690 716 eruditissimus
715 680 787 716 Th.
811 681 995 716 Reinesius
1016 682 1113 717 Var.
1135 680 1238 716 Lect.
1257 681 1322 717 ΙΙΙ.
1341 679 1376 716 5.

78 737 194 785 ipsum
214 749 309 781 non,
330 736 411 771 sive
432 736 520 771 nihil
543 734 695 782 potius,
721 741 886 783 angunt:
915 734 970 770 sic
990 746 1076 782 cap.
1102 747 1162 769 12.
1182 736 1240 770 uui
1259 733 1377 783 Ξέξξεοι

79 789 183 836 ἔκνιζε
207 789 228 830 vi
254 789 460 837 Ἀρτοιβοίνευ
482 788 619 832 ’γνώμης
653 791 876 838 Xerxemque
903 789 1061 838 angebat
1084 788 1270 825 Artabani
1297 803 1377 826 sen-

80 842 213 882 t'entia.
240 844 346 880 Idem
369 846 552 880 Reinesius
573 841 642 881 οὐδὲ
659 844 701 891 ἐςῖ
728 842 1025 889 Φαντοίξεσᾶκι
1051 841 1138 893 [lin.
1161 840 1250 893 51.]
1277 845 1378 879 bene

77 899 303 948 explicuit,
338 913 410 935 non
439 901 527 935 sinit
556 902 654 935 ultra
687 899 1056 947 adparere‚,efferri,
1091 905 1275 935 ostentare
1311 913 1373 943 se,

81 954 236 1003 quippe
270 953 492 995 οἷφκνισ-θέντα
520 959 558 988 et
590 954 634 989 in
672 953 853 989 nihilum
885 954 1065 998 redacta,
1091 954 1167 990 lib.
1197 954 1244 990 Π.
1280 956 1379 991 Var.

82 1011 189 1047 Lect.
209 1021 242 1046 c.
265 1010 319 1051 5.;
346 1008 412 1045 cui
434 1007 546 1056 iungi
572 1009 828 1044 Valckenarius
850 1008 996 1056 poterit
1016 1007 1063 1043 ad
1086 1008 1239 1057 Tragici
1261 1009 1380 1045 Phoe-

82 1063 180 1101 niss.
208 1077 263 1101 vs.
286 1064 351 1113 93.
381 1063 565 1101 WESS.
590 1083 641 1089 —
689 1061 915 1109 Φαντγζξεσ-θαι
943 1075 1254 1112 nonnumquam
1283 1063 1381 1100 sim-

81 1119 246 1167 pliciter
265 1120 423 1167 conspici
439 1146 446 1160 ,
461 1118 656 1166 adparere,
672 1117 872 1169 significat
890 1134 897 1159 3
918 1124 964 1154 ut
982 1118 1088 1166 apud
1110 1119 1272 1166 Euripid.
1293 1119 1378 1155 loco

81 1173 150 1210 cit.
169 1180 208 1209 et
229 1173 373 1222 passim
396 1172 521 1215 alibi3
558 1172 831 1220 similiterque
853 1173 958 1220 apud
982 1175 1158 1209 Nostrum
1186 1175 1257 1210 IV.
1283 1182 1381 1219 124,

83 1244 120 1279 9.
149 1227 219 1264 ubi
244 1240 461 1276 synonyma
493 1232 589 1263 sunt
622 1226 842 1270 οἷφκνισᾶιῖναι
868 1232 907 1263 et
938 1227 973 1265 οὔ
1004 1226 1243 1274 φαντάζεσθαι.
1274 1229 1381 1264 conf.

83 1285 172 1322 VH.
192 1283 235 1319 15
254 1309 264 1328 ,
298 1296 357 1319 10.
387 1282 458 1320 Sed
481 1282 520 1318 h.
546 1283 576 1319 1.
596 1282 774 1329 amplius
793 1281 954 1330 aliquid
974 1281 1054 1317 dici
1088 1282 1206 1318 facile
1226 1283 1385 1320 intelli-

81 1338 215 1388 gitur3
251 1337 358 1386 quod
390 1337 493 1373 haud
529 1337 780 1373 incommode
816 1339 931 1374 Valla
961 1337 1176 1384 expressit,
1203 1352 1266 1374 nec
1295 1341 1383 1376 sinit

82 1396 304 1431 insolescere.
325 1392 485 1431 Scilicet
497 1419 506 1436 7
521 1392 860 1440 quemadmodum
877 1394 1050 1435 φκντοω-ία
1078 1405 1157 1428 non
1175 1393 1291 1428 modo
1307 1409 1385 1443 spe-

83 1451 190 1493 ciem,
213 1450 345 1493 visum,
373 1449 599 1496 adspectum,
632 1447 695 1483 sed
726 1447 897 1483 subinde
923 1454 960 1482 et
978 1447 1192 1495 sigillatim
1216 1450 1385 1485 maiorem.

81 1504 274 1555 quamdam
303 1509 339 1539 et
367 1505 601 1552 insigniorem
633 1504 780 1551 speciem
806 1502 1027 1551 significat3
1061 1498 1186 1553 (vide
1210 1503 1383 1539 Lexicon

81 1560 218 1606 Polyb.
240 1571 276 1606 p.
307 1557 424 1604 645.)
455 1557 511 1593 sic
538 1558 707 1593 verbum
742 1557 965 1603 ωαντοὲξεσθκι
990 1557 1030 1593 h.
1052 1558 1079 1594 l.
1108 1557 1270 1594 denotat
1296 1560 1386 1595 insi-

82 1628 190 1664 gnem
208 1615 365 1662 aliquam
379 1627 471 1662 prae
492 1626 528 1648 se
549 1609 810 1661 speciemfhrre
826 1619 933 1660 atque
959 1619 1153 1648 ostentare.
1195 1614 1311 1650 Conf.
1330 1615 1384 1650 H.

81 1670 258 1718 Stephani
282 1669 392 1704 Thes.
418 1669 460 1703 T.
487 1669 557 1704 IV.
585 1680 670 1716 pag.
703 1669 766 1712 57.
789 1680 826 1702 a.
871 1669 953 1703 Iam
983 1679 1075 1702 vero
1107 1667 1265 1712 κνίζειν
1302 1681 1383 1705 non

85 1730 165 1761 tam
203 1736 336 1772 angere
369 1722 594 1771 significat,
627 1735 749 1770 quam
778 1735 964 1771 pungere,
1007 1723 1189 1765 mordere,
1224 1724 1386 1761 irritare.

85 1777 188 1824 ἔκνιζε
206 1777 309 1815 αὐτ-δν
337 1778 394 1820 τῆς
413 1776 570 1819 γυναικές
596 1774 692 1824 ἔρως,
728 1778 796 1814 VI.
816 1778 861 1812 62
880 1804 888 1820 a
921 1790 951 1813 1.
981 1789 1060 1813 non
1080 1779 1209 1820 anxit,
1238 1778 1301 1814 sed
1317 1793 1386 1828 Pu-

81 1836 208 1884 pugit,
236 1834 324 1869 ussit
351 1834 451 1868 illum
471 1845 586 1868 amor.
617 1833 773 1868 Xerxem
800 1834 887 1869 VII.
914 1844 955 1866 12
973 1858 982 1875 ‚
1005 1845 1041 1869 2.
1069 1829 1193 1877 ἔκνιζε,
1216 1844 1295 1869 non
1318 1848 1387 1869 an-

85 1892 169 1934 xit,
199 1887 260 1923 sed
286 1890 464 1937 pupugit,
488 1889 699 1931 momordit.
721 1889 881 1923 irritavit
906 1886 1105 1922 Artabani
1126 1887 1269 1924 oratio.
1305 1891 1385 1925 Hoc

85 1945 194 1987 loco,
214 1942 553 1990 quemadmodum
575 1954 666 1977 mox
692 1944 784 1978 Deus
805 1938 1021 1991 leaving)
1042 1943 1260 1978 invidere
1285 1943 1386 1980 dici-

89 2004 159 2035 tur
177 1997 454 2047 arrogantibus5
482 1996 587 2045 (qua
608 1997 656 2033 de
678 1996 881 2033 locutione
901 1996 990 2031 vide
1011 1997 1057 2032 ad
1077 1998 1106 2033 Ι.
1129 1996 1174 2031 32
1190 2022 1201 2041 a
1225 1997 1262 2033 6.
1281 2004 1321 2034 et
1338 1998 1387 2034 ad

86 2055 151 2090 111.
179 2061 251 2098 4ο,
283 2055 320 2090 8.
348 2050 535 2101 notata3)
565 2051 620 2087 sic
647 2052 742 2097 κνίζει
773 2068 827 2094 μιν
860 2050 1062 2100 significat
1088 2053 1258 2087 invidiam
1291 2056 1387 2090 illius

91 2114 251 2152 movent,
278 2107 306 2144 i.
326 2119 358 2144 e.
378 2108 576 2143 vindictam
599 2107 750 2142 eiusdem
779 2109 818 2142 in
846 2121 882 2143 se
898 2114 1055 2143 vertunt.
1096 2108 1141 2142 In
1174 2109 1267 2144 Var.
1285 2109 1388 2145 Lect-

90 2162 139 2198 ad
169 2162 275 2197 hunc
301 2163 433 2198 locum
453 2189 462 2206 7
498 2161 568 2197 uhi
598 2161 739 2198 vitiose
767 2173 956 2197 excusum
991 2189 1014 2206 π
1027 2167 1125 2210 puto
1155 2173 1209 2196 ex
1238 2163 1393 2200 Paris.“

93 2216 210 2253 facile
230 2217 481 2266 intelligitur
501 2243 523 2259 „
537 2222 634 2264 puto
656 2228 676 2252 e
690 2223 704 2252 t
730 2218 883 2253 Paris.“
911 2216 1106 2253 debuisse.
1133 2215 1177 2254 S.

151 2271 215 2308 53.
242 2270 286 2308 roi
314 2273 456 2310 τοιαῦτα
484 2270 766 2311 (ἐπασκήσω-ει
795 2269 925 2318 βέλεσι)
956 2272 1112 2319 Optimi
1147 2272 1218 2307 hoc
1243 2271 1387 2308 coloris

92 2331 171 2363 est:
193 2324 245 2363 τοὶ
260 2328 359 2365 βέλεα
376 2339 422 2362 cx
442 2328 542 2364 Med.
562 2326 755 2362 nimium.
785 2327 1023 2373 Opportune
1040 2327 1226 2376 Sophoclis
1244 2329 1391 2363 Hercu-

94 2381 173 2423 les,
193 2381 331 2416 Trach.
350 2394 405 2418 vs.
440 2395 452 2417 1
468 2382 554 2418 103.
587 2381 921 2423 iynocru'ennsso
935 2398 949 2418 ν
969 2384 1063 2424 βέλος
1092 2380 1198 2429 πάτερ
1224 2382 1390 2430 κεραυνοῦ.

94 2435 274 2475 WESS.
298 2454 348 2461 ——
377 2439 503 2473 Immo
525 2448 618 2473 vero
649 2435 925 2484 percommode
952 2435 1004 2474 τοὶ
1024 2437 1127 2476 βέλεα.
1144 2436 1283 2472 dedere
1304 2448 1392 2484 pro-

94 2490 177 2527 bati
197 2489 319 2535 libri,
345 2494 418 2528 tela
438 2506 522 2537 sua,
551 2493 615 2528 vel
647 2494 720 2528 tela
749 2493 836 2536 illa,
867 2502 970 2538 quae
999 2491 1122 2538 paulo
1148 2498 1241 2527 ante
1272 2491 1391 2527 verbo

1041 2545 1116 2582 S2
