1718 2919
302 249 399 289 AD
445 245 1118 299 HERODOT.v.66.67.
1327 249 1379 298 67

92 356 240 392 necesse
270 366 350 389 non
378 358 447 389 est.
480 353 645 401 Αἷγίκορις
675 357 714 387 et
740 347 901 398 Ἀργοέδης
924 351 968 386 in
998 351 1176 387 marium
1205 350 1382 399 propriis

92 408 345 452 nominibus,
376 413 578 456 quantum
612 405 813 449 recordor,
841 418 919 441 non
944 412 1062 451 sunt⁷
1091 417 1221 454 neque
1246 407 1381 443 Γελέων.

90 463 330 513 Aptissime‚
358 462 477 498 sicuti
498 459 692 504 ρὍπλητες,
728 462 877 504 milites,
895 460 1001 497 vitae
1028 461 1160 496 studia
1192 460 1237 496 in
1262 462 1384 510 capris

90 518 244 556 alendis
271 523 310 554 et
336 519 438 567 agris
465 516 640 552 colendis
661 515 892 558 illustrant;
926 515 1033 551 unde
1056 516 1241 560 Γελέοντες,
1271 515 1385 563 prin-

93 574 180 622 cipe
201 574 286 609 loco
314 570 483 608 Athenis
506 576 545 606 et
574 569 702 619 Cyzici
725 570 876 615 habiti,
901 570 1007 606 haud
1032 570 1106 606 alii
1127 582 1172 605 ac
1192 567 1385 618 εὖπατρίδαι

91 629 173 666 sive
189 628 360 675 λαμπροὶ,
392 629 571 670 illustres,
598 627 869 675 splemliclique.
905 629 1036 674 Γελεΐν,
1065 630 1159 661 teste
1177 625 1387 675 Hesychio,

93 684 199 720 idem
220 695 264 718 ac
282 679 452 729 λάμπειν,
477 679 599 722 οἰνθεῖν,
624 686 695 716 aut
722 679 830 717 αἴθειν.
859 681 966 727 Γελςιῖυ
982 706 992 724 ,
1028 679 1144 716 cuius
1164 679 1209 715 in
1229 681 1303 716 risu
1329 691 1387 716 se-

94 738 159 774 des
172 764 182 783 ‚
209 736 308 773 olim
330 735 373 771 in
395 735 611 785 splendendo
630 748 674 771 ae
693 735 885 771 renidendo
900 765 907 779 ,
937 734 997 770 uti
1019 734 1188 771 Eustath.
1206 734 1255 769 ad
1271 737 1387 770 Hom.

94 806 181 842 pag.
217 792 316 841 159,
349 792 411 827 26.
440 787 583 841 [Iliad.
604 803 643 838 p.
670 803 767 834 120,
800 786 892 840 δὴ]
926 789 1146 838 significat,
1182 790 1388 825 terebatur

97 861 186 884 usu.
214 846 316 882 Hine
333 847 459 891 Γέλων,
481 846 748 892 Syracusanus
763 857 829 881 rex
845 871 854 888 ‚
874 844 968 880 hinc
983 845 1146 886 Γελέοντες
1160 844 1288 880 Attici
1305 857 1388 881 non

92 901 260 940 absurde
282 906 574 949 propagantur:
599 900 714 936 cuius
741 912 809 949 ego
827 899 1108 948 originationis
1127 905 1330 935 auctorem
1350 905 1389 935 et

94 968 292 994 suasorem
313 956 439 991 laetus
461 957 518 991 Ti.
540 955 847 991 Hemsterhusium
869 954 1057 1002 produco,
1081 950 1227 1004 [conf.
1249 956 1392 991 Lenae-

89 1015 145 1062 pii
159 1038 167 1057 ,
183 1024 230 1048 ex
242 1011 503 1047 Hemsterhusii
517 1009 647 1046 schola
663 1009 875 1059 progressi,
893 1010 1112 1058 Etymolog.
1125 1009 1238 1059 Ling.
1253 1011 1387 1047 Graec.

97 1069 136 1104 P.
155 1069 184 1104 Ι.
207 1079 245 1114 p.
271 1062 389 1116 21o.]
413 1066 470 1101 De
494 1066 610 1101 decem
628 1069 772 1107 φυλαῖς,
809 1076 1030 1112 earumque
1062 1064 1196 1100 titulis
1223 1070 1262 1101 et
1283 1064 1391 1101 iusto

96 1121 236 1159 ordine
261 1120 372 1156 docte
396 1126 482 1168 post
506 1122 699 1156 Meursium
725 1132 858 1167 nuper
885 1121 951 1156 Ed.
973 1120 1116 1156 Corsin.
1138 1121 1236 1157 fast.
1265 1120 1393 1156 Attio.

96 1179 138 1214 T.
158 1179 186 1213 I.
208 1189 246 1224 p.
272 1189 283 1211 1
299 1189 359 1225 ις).
377 1175 559 1214 WESS.

147 1228 164 1282 [
181 1245 193 1267 1
205 1240 241 1276 4.
260 1232 316 1268 κοιῖ
331 1229 515 1276 σύμμαχον
532 1230 624 1274 ’ξεῖνον
643 1227 758 1278 ἐόντος)
785 1231 871 1265 Post
889 1227 1079 1275 σύμμαχον
1101 1229 1245 1266 leviter
1258 1229 1389 1266 incidi

95 1286 286 1323 debuerat
305 1285 433 1322 oratio
448 1302 454 1328 3
485 1290 523 1320 et
539 1284 709 1321 latinam
725 1285 945 1321 versionem
960 1283 1003 1319 in
1025 1296 1111 1320 eam
1128 1285 1367 1321 sententiam
1381 1311 1393 1330 ‚

97 1354 220 1390 quam
237 1342 348 1377 Valla
366 1341 446 1376 iam
461 1346 721 1388 expresserat,
741 1340 996 1375 reformatam
1009 1339 1132 1376 velim
1148 1356 1154 1373 :
1177 1341 1270 1377 hunc
1284 1354 1367 1377 vero
1381 1366 1392 1384 ‚

97 1399 184 1434 etsi
206 1398 524 1446 peregrinum,
545 1402 665 1431 tamen
686 1401 724 1430 ut
737 1397 892 1431 vicinum
916 1401 951 1431 et
971 1396 1101 1431 socium
1116 1424 1125 1439 ‚
1147 1396 1292 1432 adiecit.
1319 1391 1393 1445 S.]

207 1449 353 1491 CAP·
385 1448 597 1488 LXVII.
633 1451 669 1486 5.
708 1452 900 1488 Κλεισθένεα
929 1447 985 1487 τᾶν
1009 1451 1173 1493 Σικυῶνος
1204 1446 1392 1500 τύραννον)

99 1502 323 1555 Aequalem
343 1506 408 1541 hic
427 1505 570 1541 habuit
592 1506 774 1542 Solonem
788 1534 796 1549 ,
824 1504 911 1541 eius
930 1504 1029 1540 belli
1057 1504 1140 1540 dux
1154 1530 1165 1550 ‚
1190 1518 1272 1553 quo
1293 1507 1393 1542 Am·

101 1561 330 1610 phictyones
348 1560 426 1596 ulti
447 1560 654 1597 Cirrhaeos
673 1566 787 1603 sunt,
804 1560 847 1595 in
868 1559 1104 1607 Apollinem
1124 1560 1312 1607 Pythium
1331 1560 1394 1596 in-

100 1622 228 1666 gratos
247 1622 285 1652 et
311 1615 614 1651 contumeliosos
635 1615 740 1662 apud
772 1616 932 1651 Pausan.
959 1614 1032 1650 lib.
1053 1617 1100 1651 X.
1126 1615 1188 1661 57.
1210 1622 1249 1651 et
1263 1617 1310 1653 H.
1331 1617 1366 1651 8.
1380 1643 1391 1662 ‚

104 1670 175 1706 ubi
206 1676 318 1719 pater
346 1670 463 1705 illius
493 1670 795 1717 Aristonymus‚
826 1683 921 1706 avus
944 1669 1118 1717 Pyrrho,
1151 1670 1288 1706 cuncti
1314 1670 1394 1706 sor-

102 1731 198 1762 tasse
222 1737 270 1761 ex
299 1725 541 1774 Orthagorae
572 1725 748 1769 familia,
783 1736 885 1772 quae
915 1731 1076 1760 centum
1110 1725 1229 1761 annis
1261 1725 1394 1773 Sicyo-

102 1792 193 1816 nem
222 1779 433 1828 tyrannide
460 1779 620 1828 pressit,
650 1782 849 1817 Aristotele
875 1779 990 1816 Polit.
1019 1779 1092 1815 lib.
1119 1782 1171 1816 V.
1198 1793 1257 1817 12.
1284 1785 1393 1818 teste.

100 1836 283 1877 WESS.

160 1891 194 1927 5.
222 1889 478 1938 τῶν’ομ.κρει’ων
507 1891 605 1927 ἐπέων
634 1887 769 1939 εἵνεκα)
801 1889 1081 1939 Significatum
1101 1889 1253 1935 voluit,
1284 1889 1393 1938 quod

101 1945 240 1982 scribit
254 1946 491 1982 Chamaeleon
510 1945 616 1993 apud
637 1945 773 1982 Athen.
798 1947 905 1981 XIV.
923 1957 961 1992 p.
978 1945 1068 1980 620.
1081 1972 1091 1988 7
1114 1943 1335 1992 μελῳδκθῆνοα
1355 1944 1392 1983 ου’

102 1999 199 2044 μόνον
216 1998 263 2037 τοὶ
288 1999 434 2047 Ὀμήρου
451 2027 460 2044 ‚
493 1999 589 2037 dmm?
613 2003 670 2037 καὶ
692 1999 738 2037 τοὶ
759 1997 912 2038 “Ησιο’ἓου
926 2026 936 2044 ‚
963 2002 1023 2037 καὶ
1042 1998 1271 2047 Ἀρχιλόχου,
1292 2000 1392 2036 alio-

101 2065 274 2103 rumque
310 2058 501 2102 po‘e'mata.
553 2056 768 2105 Rhapsodos
801 2062 935 2091 autem
974 2056 1200 2091 Homeristas
1235 2055 1393 2103 primus

103 2109 271 2146 Athenis
289 2110 517 2146 Demetrius
544 2111 754 2147 Phalereus
775 2110 924 2146 ibidem
951 2110 1104 2145 dicitur
1126 2111 1167 2154 εἷς
1190 2109 1237 2148 τοὶ
1262 2112 1393 2157 θέατρα

107 2167 334 2212 memma:
364 2177 411 2201 ex
439 2166 628 2202 Athenaeo
663 2179 732 2202 sua
760 2165 893 2201 hausit
920 2165 1090 2202 Eustath.
1123 2166 1166 2202 in
1193 2166 1307 2203 Iliad.
1334 2162 1392 2203 52¹.

107 2230 193 2268 pag.
217 2228 329 2268 1497.
358 2220 429 2257 Sed
450 2219 605 2256 dudum
627 2227 758 2257 tamen
784 2228 876 2256 ante
893 2220 1118 2268 Rhapsodos
1143 2222 1256 2266 istos,
1286 2221 1395 2257 odio-

106 2286 194 2309 sum
219 2273 428 2311 hominum
456 2288 603 2325 genus.
632 2275 754 2312 etiam
780 2276 950 2312 Athenis
975 2275 1099 2312 doctis
1127 2277 1247 2313 fuisse
1272 2276 1395 2312 mole-

106 2335 181 2364 stos
205 2329 404 2366 aestimari
425 2336 550 2379 potest
573 2343 620 2366 ex
646 2333 737 2367 Ione
762 2331 992 2378 praesertim
1010 2332 1176 2369 Platonis
1192 2333 1220 2368 Ι.
1240 2344 1279 2379 p.
1299 2331 1396 2367 530-

109 2383 197 2427 542.
221 2389 260 2420 et
280 2385 485 2422 Socraticis
511 2387 764 2435 Xenophontis
796 2399 834 2434 p.
854 2387 944 2431 462.
973 2394 1013 2423 et
1044 2389 1134 2425 513.
1159 2382 1293 2437 [Vide
1318 2388 1397 2422 Me·

106 2439 239 2476 morab.
254 2439 323 2476 IV.
343 2454 360 2475 2
376 2467 385 2485 ‚
411 2454 471 2477 10.
492 2441 632 2490 ibique
648 2444 792 2478 Ernest.
811 2448 849 2477 et
867 2440 1002 2493 Zeum]
1039 2444 1097 2479 De
1116 2445 1274 2479 Homero
1288 2471 1298 2486 ,
1320 2442 1396 2476 He-

105 2494 204 2530 siodo
217 2519 227 2539 ‚
243 2496 461 2544 ceterisque
479 2497 601 2544 poetis
615 2524 624 2542 ‚
642 2496 686 2532 in
707 2499 827 2544 Lyceo
846 2499 964 2534 verba
984 2498 1171 2535 facientes
1192 2497 1397 2545 sophistae

1038 2555 1118 2594 ΕΞ
