1718 2919
317 283 416 321 AD
460 280 1154 334 HERoDoT.v.69-71.
1335 286 1386 334 73

100 390 144 427 In
166 387 331 438 Thucyd.
357 388 425 425 VI.
451 387 511 421 18.
541 386 755 434 προσεθέμεθα
785 384 906 428 αὐτούς
932 391 1036 422 recte
1057 387 1177 423 Schol.
1201 386 1388 434 explicat.

102 445 147 481 In
169 442 240 486 iis,
257 453 358 491 quae
377 441 558 489 proxima
579 440 841 488 praecedunt,
862 440 1004 476 insunt
1021 454 1100 477 non
1117 453 1209 477 sane
1230 443 1393 489 pervul-

103 504 210 548 gata,
229 498 348 545 quale
372 496 444 532 hoc
460 496 643 533 videtur:
665 492 754 544 [lin.
776 491 956 545 10.]δε’κα
975 493 1006 532 δὲ
1025 498 1083 532 καὶ
1101 494 1175 538 τούς
1193 493 1311 538 δήμους
1327 512 1390 532 κα-

103 554 211 594 τένεμε
231 552 260 595 ἐς
275 550 337 594 reis
357 549 486 593 Φυλοέςε
511 563 561 587 an
583 550 626 585 in
647 550 824 599 singulas
845 549 974 586 tribus
992 550 1124 586 decem
1146 551 1278 586 demos
1299 563 1392 586 con-

107 606 281 643 tribuit?
312 606 375 642 sed
390 632 399 650 ,
426 605 497 653 qui
523 617 569 641 ex
592 605 724 641 decem
745 605 867 640 huius
893 605 1081 652 temporis
1103 605 1290 641 tribubus
1313 617 1391 641 esse

105 666 381 704 censerentur,
410 660 516 695 demi
551 660 693 695 nostris
720 659 764 695 in
794 659 912 696 libris
934 666 1212 697 memorantur
1233 660 1393 696 circiter

108 730 193 753 cxx.
236 715 482 752 conferenda
515 722 617 751 certe
646 719 740 751 sunt
771 726 874 762 quae
909 726 955 750 ex
991 717 1203 752 Aristotelis
1235 715 1391 763 Repub.

106 771 254 808 Athen⁴
270 771 317 806 de
337 770 541 807 Clisthene
562 769 816 806 traditSchol.
839 769 881 804 in
899 770 1092 818 Aristoph.
1113 771 1220 807 Nub.
1249 782 1303 806 vs.
1330 770 1394 817 37.

106 828 181 863 VA
193 827 258 862 LC
271 828 320 861 K.
351 846 401 851 —
431 825 535 861 Vide
560 825 740 872 proxime
770 824 1066 871 praecedentem
1094 824 1244 861 Arlnot.
1270 823 1315 862 S.

161 878 305 919 CAP.
337 878 484 918 LXX.
518 892 553 916 2.
587 881 798 917 ἐπικαλέεται
830 877 1046 929 Κλεομένεα)
1095 881 1298 916 Pausaniae
1329 881 1394 916 HI.

106 931 166 985 [c.
184 931 245 986 4.]
275 948 312 983 p.
334 948 422 970 212.
453 935 681 971 Cleomenes
705 933 908 981 στρατεύσας
926 933 976 970 ἐπ’
996 933 1130 977 Ἀθήνας
1151 935 1282 982 prima
1300 934 1393 982 qui-

103 990 193 1026 dem
224 989 499 1037 expeditione,
531 991 718 1025 Herodoto
745 1001 864 1035 supra
898 992 1078 1033 narrata,
1117 990 1277 1026 laudem
1315 989 1395 1025 sibi

107 1044 259 1080 dicitur
284 1044 518 1092 civibusque
542 1044 623 1080 suis
654 1043 864 1091 peperisse3
895 1041 1067 1089 ὕστερονδὲ
1089 1043 1254 1084 Ἀθηναίου
1277 1042 1394 1092 χάριτι

111 1096 224 1146 α’νὲρᾶς
257 1097 429 1147 'Iemyo'cov
443 1125 453 1140 ,
489 1096 658 1146 τυεαννίδα
689 1099 716 1135 οἱ
751 1096 1107 1145 συγκατεργασάμενος
1132 1098 1288 1140 Ἀθκνῶνε
1322 1099 1394 1134 ubi

106 1153 349 1201 praestiterit
376 1152 675 1200 συγκατερχασόμε
679 1169 706 1188 υ
776 1155 876 1188 Haec
895 1164 986 1188 vero
1016 1156 1144 1198 tertia,
1175 1153 1398 1190 secundum

106 1209 374 1248 Heu-,odotum
405 1209 599 1245 Cleomenis
627 1207 708 1243 fuit
725 1208 913 1256 expeditio.
933 1203 1060 1257 [conf.
1081 1209 1128 1244 ad
1154 1221 1186 1245 c.
1208 1218 1278 1256 74,
1301 1210 1335 1246 6.
1359 1212 1398 1244 et

111 1260 365 1314 76,1.1101.]
408 1263 521 1310 Quod
545 1274 636 1298 vero
655 1275 746 1298 mox
764 1263 843 1306 ait,
874 1279 931 1299 τον
960 1259 990 1299 δὲ
1011 1264 1197 1304 Κλεομένεα
1217 1270 1286 1310 εἶχε
1308 1264 1397 1303 αἴτι’-η

109 1319 229 1366 φωτᾷν
243 1334 336 1365 παρα
354 1319 413 1355 τοῦ
425 1315 577 1365 Ιο-αγᾶερ
581 1334 604 1353 ω
619 1334 676 1357 την
691 1333 852 1359 γυναικαῑ
875 1317 946 1352 1106
960 1318 1177 1355 Plutarchus
1196 1319 1398 1355 intactum

108 1385 189 1408 non
207 1372 364 1408 dimisit
384 1374 424 1408 T.
445 1374 490 1408 ΙΙ.
520 1385 559 1419 p.
580 1373 672 1408 860.
690 1387 727 1410 D.
761 1371 874 1418 Quod
897 1371 1077 1419 primum
1098 1373 1232 1409 fecisse
1246 1373 1401 1409 dicitur

107 1427 227 1463 misso
255 1427 405 1463 nuncio
432 1427 682 1471 Cleomenes,
710 1426 843 1470 ἐξέβαλε
864 1428 1077 1469 Kasia-diveat,
1111 1430 1169 1465 καὶ
1194 1428 1268 1471 μετ’
1291 1427 1398 1466 αὐτοῦ

108 1480 231 1524 ἄλλους
245 1481 388 1523 πολλοῦς
401 1481 589 1526 Ἀθηναίων,
605 1481 646 1516 id
664 1481 827 1529 respicit
839 1482 1005 1531 Thucyd.
1022 1480 1065 1531 [Ι.
1083 1496 1094 1517 1
1107 1480 1184 1531 26.]
1202 1496 1240 1530 p.
1260 1485 1321 1527 82,
1335 1483 1400 1532 96.

106 1536 203 1572 hinc
232 1536 503 1584 explicandus.
532 1537 745 1573 VALCK.
776 1556 827 1562 —
870 1537 999 1583 Quam
1034 1539 1180 1573 tertiam
1203 1539 1402 1575 Cleomenis

107 1592 364 1640 expeditionem
382 1591 566 1628 adversus
581 1591 756 1628 Athenas
776 1596 995 1638 susceptam
1018 1594 1274 1630 Valckenarius
1289 1592 1401 1636 dicit,

110 1657 195 1681 eam
213 1648 418 1682 Herodotus
440 1659 526 1694 cap.
547 1654 610 1692 74.
630 1651 667 1681 et
687 1658 766 1694 seq.
789 1645 971 1692 exponit:
1002 1647 1064 1682 scd
1080 1674 1089 1691 7
1107 1653 1152 1683 ut
1173 1648 1289 1683 tertia
1312 1647 1400 1691 illa,

109 1700 163 1736 sic
191 1700 271 1736 iam
294 1707 332 1737 et
352 1701 540 1744 secunda,
568 1701 616 1736 de
638 1714 717 1749 qua
748 1713 780 1736 c.
807 1713 869 1746 72.
895 1701 1052 1749 agitur,
1082 1701 1127 1737 in
1155 1705 1401 1752 Aristagorae

107 1754 274 1805 gratiam
295 1762 471 1803 suscepta
491 1762 558 1791 est.
587 1754 631 1792 S.

114 1848 118 1852 ,
164 1823 200 1856 7.
230 1808 386 1857 ἐξέβαλε)
416 1811 623 1859 Expellendi
641 1815 809 1846 conatum
831 1814 870 1845 et
890 1810 1139 1847 voluntatem
1160 1811 1333 1851 indicat,
1355 1816 1402 1848 ut

108 1876 222 1912 saepe
244 1876 425 1901 numero.
453 1865 557 1902 Vide
576 1867 604 1901 Ι.
628 1866 690 1900 68.
711 1867 771 1900 ΙΙΙ.
791 1864 852 1900 53.
868 1861 1077 1914 [Praecone
1096 1866 1214 1903 misso
1230 1867 1401 1904 Clisthe-

110 1931 200 1955 nem
219 1920 448 1969 multosque
473 1933 564 1956 cum
592 1931 636 1956 eo
654 1919 754 1955 alios
775 1919 857 1956 urhe
879 1921 1042 1956 excedere
1063 1922 1185 1957 iussit:
1213 1922 1276 1958 sed
1304 1927 1402 1958 tunc

110 1974 273 2022 quidem
302 1989 390 2011 unus
413 1976 611 2012 Clisthenes
641 1974 779 2022 paruit
808 1974 1015 2018 mandato„
1046 1976 1197 2024 reliqui
1228 1977 1271 2012 in
1303 1979 1402 2013 urbe

111 2035 357 2066 manserunt.
377 2030 427 2066 cf.
446 2043 477 2066 c.
499 2043 545 2076 72
559 2057 569 2074 a
594 2043 606 2065 1
624 2050 640 2056 -
655 2025 707 2079 5.]
735 2028 819 2072 Τοδς
846 2030 1026 2072 ἐναγέας
1046 2029 1126 2079 [lin.
1146 2027 1202 2082 8.]
1222 2038 1260 2068 et
1280 2030 1401 2070 Κυλώ-

113 2099 184 2121 νειον
199 2082 279 2127 ἄγος
292 2110 303 2126 ,
334 2084 450 2120 cuius
467 2083 778 2121 Alcmaeonidae
799 2084 1111 2131 accusabantur,
1132 2092 1217 2134 post
1231 2088 1403 2123 Herodo-

112 2143 185 2183 tum
198 2139 395 2186 explicuit
414 2140 642 2191 Thucydides
664 2139 738 2174 lib.
757 2142 786 2176 Ι.
812 2151 824 2173 1
837 2139 900 2176 26.
927 2141 1239 2187 accuratissime,
1260 2141 1402 2190 ibique

115 2192 176 2228 Cl.
195 2194 366 2230 Dukerus.
400 2196 535 2232 W'ES
550 2196 586 2232 S.

140 2258 142 2260 ’
221 2246 364 2286 CAP.
384 2245 560 2288 LXXI.
594 2261 629 2284 2.
659 2243 694 2287 ἦν
718 2246 836 2286 Κύλων
862 2247 954 2297 etc.)
985 2251 1096 2297 Quae
1118 2250 1197 2287 huc
1223 2255 1402 2299 spectant

111 2301 275 2338 aliunde
293 2303 483 2351 pleraque
503 2309 598 2340 sunt
617 2303 838 2339 notissima.
867 2305 1076 2352 Pel-paucis
1094 2307 1283 2342 Herodoto
1310 2318 1404 2341 nar-

112 2362 196 2392 rata
213 2357 437 2408 Thucydides
456 2357 695 2406 explicatius
722 2358 974 2406 exsequitur„
1000 2360 1201 2408 eleganter
1219 2361 1341 2397 etiam
1364 2365 1403 2396 et

112 2411 338 2459 perspicue;
374 2413 429 2449 sic
461 2420 508 2449 ut
534 2414 607 2449 hac
632 2412 675 2447 in
707 2418 817 2459 parte
848 2413 1027 2450 historici
1058 2414 1259 2462 Principes
1286 2429 1308 2452 a
1329 2427 1401 2452 suo

109 2465 281 2515 quisque
299 2479 409 2503 more
433 2468 624 2504 secessisse
645 2467 879 2503 videantur:
899 2474 955 2504 est
972 2468 1081 2504 enim
1104 2470 1248 2517 passim
1269 2476 1402 2506 noster

111 2519 184 2556 ille
202 2522 313 2559 dulcis
334 2529 369 2559 et
382 2519 515 2570 fusus,
542 2524 669 2560 densus
686 2529 721 2559 et
744 2522 854 2560 brevis
878 2523 1128 2575 Thucydidem
1153 2524 1272 2561 illius
1296 2523 1402 2563 σύνθε-
