1718 2919
280 206 379 247 AD
419 204 826 245 HERODOT.
862 204 1013 246 VIII.
1051 205 1140 247 130.
1175 206 1262 244 132.
1331 205 1409 245 203

124 311 189 352 Ab
205 310 298 348 aliis
318 310 592 347 dissentientes
612 308 907 346 Lacedaemonii
928 306 1034 358 (lib.
1054 309 1123 345 VI.
1142 320 1227 355 cap.
1249 304 1340 358 52.)
1361 306 1414 344 λε’-

124 383 220 410 γουσι
249 364 350 403 αὗτδν
384 363 616 412 Ἀριστᾶἓκμεν
645 362 703 401 τᾶν
730 361 999 411 Ἀριστομάχου,
1034 363 1095 399 τοῦ
1125 360 1321 404 Κλεοδκίου,
1351 362 1412 399 τοῦ

116 419 274 463 νΥλλου,
299 418 517 457 &ariminium
538 418 678 461 α’γκγεῒν
697 426 812 460 σφεας.
856 417 1116 465 Quantillum
1141 416 1220 452 iam
1245 416 1327 452 fuit
1349 427 1415 451 ex-

128 474 324 522 emplaria
354 473 566 510 Herodotea
593 472 883 521 corrigentibus
911 472 1031 507 illinc
1052 471 1237 518 repetitos
1259 470 1414 506 Aristo-

129 529 338 572 machum,
378 527 639 570 Cleodaeum,
673 527 905 570 Herculem,
943 526 990 562 ad
1024 531 1239 573 utramq:.e
1271 525 1413 563 seriem

128 583 325 627 adiicere,
355 588 426 618 aut
457 581 500 617 in
532 581 711 629 margine
730 588 964 618 memoratos
989 580 1032 616 in
1061 586 1289 616 contextum
1318 579 1416 615 reci-

132 650 237 686 pere.
284 638 438 684 Septem
461 635 547 671 istis
571 636 746 678 omissis,
767 637 831 672 hic
859 634 914 683 (si
940 648 1032 673 vera
1051 634 1254 682 suspicor)
1281 634 1414 670 decem

130 694 249 742 Reges
268 696 587 728 memorarentur
605 690 860 738 Leotychidae
885 690 1151 740 progenitores
1171 701 1218 725 ex
1239 689 1415 725 Heracli-

128 746 190 783 dis
217 746 314 791 sati,
340 746 606 789 Aristodemus,
631 746 798 790 Procles,
823 747 909 782 sous
941 744 1080 795 (hunc
1100 751 1224 789 recte,
1252 743 1415 791 opinor,

127 802 185 839 10.
210 805 345 838 Meurs.
366 800 568 835 interserit
587 799 777 847 reliquis.
804 799 1074 848 Euryphontis
1100 805 1252 847 patrem
1268 824 1278 842 ,
1304 798 1352 834 de
1368 799 1416 833 R.

129 858 269 893 Lacon.
289 867 372 903 cap.
399 851 488 903 15.)
511 855 729 905 Ευζγρῖιοη,
747 855 938 905 Prytanis,
960 856 1156 906 Eunomus,
1181 854 1390 903 Polydectes
1405 881 1417 898 ,

131 911 335 954 Char-illus,
366 910 575 953 Nicander,
606 910 851 958 Theopompus
868 924 878 943 .·
907 909 972 945 hic
1004 909 1190 945 Herodoto
1214 907 1414 952 decimus,

127 965 230 1002 alias
248 966 398 1013 Regum
416 964 568 1000 dicitur
586 975 633 1000 ex
653 963 725 1000 ista
754 964 909 1000 familia
932 975 1060 1000 nonus
1074 990 1083 1008 ,
1107 962 1204 1010 quia
1225 975 1304 998 non
1328 963 1416 998 Ari-

129 1021 327 1062 stodemus,
346 1017 409 1055 sed
432 1017 587 1066 primus
606 1019 686 1054 Rex
702 1018 896 1055 statuitur
913 1020 1069 1056 Procles.
1108 1020 1152 1054 ln
1171 1016 1232 1052 his
1249 1016 1392 1052 nostris
1405 1042 1416 1060 ,

130 1074 261 1111 Ionice
285 1072 467 1120 scriptis,
503 1073 644 1108 mirari
680 1073 774 1109 licet
800 1069 891 1123 [lin.
922 1070 1007 1123 10.]
1038 1073 1207 1108 sormam
1239 1070 1415 1107 nominis

131 1128 440 1176 Εὐρυφῶντος,
469 1127 586 1162 illam
617 1127 780 1175 quidem
811 1127 938 1163 instar
964 1127 1140 1163 aliorum
1171 1137 1217 1162 ex
1240 1124 1304 1162 α’ων
1324 1137 1415 1161 con-

131 1188 350 1219 tractorum
376 1181 620 1229 legitimam,
657 1181 719 1218 sed
742 1182 787 1218 in
808 1182 880 1218 hoe
908 1181 1072 1217 nomine
1090 1179 1337 1222 inauditam;
1370 1180 1414 1215 in

129 1250 211 1286 quo
239 1235 444 1272 scribendo
464 1242 554 1272 nota
578 1248 659 1272 non
683 1231 908 1272 nostrorum
933 1242 1089 1272 tantum
1123 1235 1415 1282 exciffiplarium

128 1291 194 1328 sed
212 1296 251 1326 et
263 1295 442 1327 veterum
463 1297 519 1327 est
536 1290 798 1327 inconstantia
813 1308 820 1333 ς
849 1303 970 1340 quam
991 1289 1174 1338 exposuit
1192 1292 1232 1326 F.
1246 1290 1416 1340 Syllmrg.

127 1346 176 1382 ad
195 1346 353 1382 Pausan.
372 1341 463 1394 [lib.
478 1347 541 1381 111.
560 1357 591 1381 c.
611 1341 674 1395 2.]
696 1359 780 1395 pag.
802 1347 889 1382 208.
923 1345 1025 1381 Hinc
1047 1345 1189 1380 incerti
1219 1343 1417 1380 fluctuant

127 1400 362 1438 recentiores
381 1401 425 1436 P.
442 1399 557 1437 Faber
573 1400 702 1448 Agon.
727 1402 790 1436 III.
816 1402 875 1436 18.
904 1400 977 1436 Iac.
1003 1401 1156 1435 Palmer.
1173 1401 1305 1435 Exere.
1331 1411 1417 1447 pag.

132 1455 222 1490 381.
247 1456 333 1493 Nic.
355 1455 507 1503 Cragius
520 1483 529 1498 ,
548 1455 602 1491 Io.
620 1457 796 1491 Meursius
808 1484 816 1500 ,
832 1456 893 1490 Ez.
908 1455 1100 1502 Spanhem.
1117 1454 1163 1489 ad
1184 1455 1315 1490 Iulian.
1330 1466 1416 1502 pag.

135 1521 221 1558 129.
246 1507 470 1556 Εὖρυφῶν,
492 1509 664 1544 hocloco
686 1509 858 1556 positum
875 1535 885 1553 ,
909 1508 1179 1551 commendat,
1206 1520 1327 1555 quam
1347 1519 1416 1557 ge-

130 1563 299 1598 nuinam
322 1568 418 1610 puto
432 1589 441 1606 ,
456 1562 711 1610 scriptionem
734 1563 889 1611 Εὖρυπᾶν
904 1589 915 1607 ‚
937 1565 1139 1599 Pausaniae
1153 1591 1162 1606 ‚
1180 1574 1243 1598 me
1259 1561 1392 1599 iudice
1404 1589 1414 1608 ,

130 1616 385 1654 tribuendam
415 1623 454 1653 et
481 1618 697 1662 Plutarcho,
718 1618 760 1652 in
787 1617 904 1653 cuius
921 1619 962 1653 T.
984 1619 1011 1653 Ι.
1031 1631 1068 1665 p.
1092 1618 1182 1653 662.
1202 1631 1235 1653 Β.
1257 1629 1328 1664 pro
1348 1617 1417 1654 Ei-

131 1676 273 1720 ρυτίωντι
302 1667 356 1715 δὲ,
389 1671 642 1707 scribendum
674 1669 930 1720 Εὐρυπωντίδαι.
962 1672 1220 1708 Rarissimam
1246 1672 1414 1707 sormam

130 1726 444 1774 patronymicam
475 1727 588 1762 nohis
616 1727 785 1763 servavit
813 1728 970 1776 Etymol.
991 1739 1027 1774 p.
1050 1727 1122 1776 397
1139 1752 1148 1769 ,
1175 1739 1233 1762 12.
1259 1724 1417 1774 Εὗρυπῴ-

129 1779 200 1823 3ης,
230 1791 332 1828 quae
357 1793 435 1816 non
452 1792 544 1816 sane
562 1781 710 1816 censeri
730 1781 845 1817 debet
862 1793 908 1816 ex
929 1779 1161 1826 Εὗςυποιιίῖῗης
1183 1779 1275 1818 κατα)
1296 1797 1417 1822 wym-

129 1833 194 1874 πνῖν
228 1841 342 1879 nata,
379 1835 442 1871 sed
473 1834 604 1883 potius
630 1847 676 1870 ex
705 1833 787 1877 οἷ’ὃκς
813 1841 1035 1881 contracta,
1068 1836 1171 1871 sicut
1202 1831 1349 1882 Μινῴὲκς
1378 1840 1417 1870 et

130 1888 300 1926 similia.
320 1891 477 1926 VALC
492 1892 540 1925 K.

187 1943 209 1978 6
233 1957 328 1993 seqq.
349 1945 410 1982 τοῦ
429 1943 679 1986 Ἡγησίλεω
698 1941 791 1991 etc.)
821 1946 877 1980 Ex
897 1943 1281 1992 Euryrthenidarum
1301 1943 1419 1979 sami-

130 1997 187 2032 ]ia
207 1997 408 2040 Ἠγκσίλεως
428 1998 501 2033 lib.
526 2000 613 2035 VH.
635 2006 724 2042 204.
754 1997 906 2034 leniore
934 2004 990 2034 est
1011 1997 1182 2045 spiritu:
1212 1998 1316 2033 idem
1340 1999 1412 2035 lib.

128 2054 199 2088 Vl.
223 2053 285 2088 65.
311 2051 429 2096 Ἄγις,
457 2065 536 2088 non
567 2052 653 2088 sine
681 2053 764 2089 lite.
797 2052 930 2098 [Vide
952 2052 1010 2087 ihi
1036 2052 1212 2098 notata.]
1244 2051 1415 2100 Reliqua

129 2106 402 2142 Proclidarum
435 2107 570 2151 series,
607 2106 678 2141 ubi
705 2106 912 2154 scriptores
947 2106 1092 2155 priscos
1122 2106 1166 2142 in
1199 2106 1416 2143 consilium

131 2159 312 2202 miseris,
340 2161 482 2197 multis
504 2166 709 2209 premetur
736 2160 1058 2197 difficultatibus.
1090 2162 1237 2205 Omnes,
1257 2160 1336 2204 ait,
1363 2175 1418 2197 re-

129 2226 192 2262 ges
215 2214 357 2258 fuisse,
384 2219 536 2264 exceptis
557 2215 688 2251 duobus
704 2218 831 2264 primis
852 2222 939 2263 post
964 2216 1210 2265 Leutychiden
1235 2217 1417 2263 depositis.

134 2267 208 2303 Ubi
235 2280 326 2304 vero
349 2271 638 2306 Anaxanclridae
666 2270 786 2318 regis,
826 2269 905 2305 filii
939 2269 1210 2317 Theopompi,
1246 2269 1417 2316 nepotis-

130 2333 211 2369 que
243 2322 418 2359 eiusdem
449 2325 689 2368 Archidami,
719 2323 945 2371 pronepotis
969 2323 1160 2359 Anaxilai
1183 2329 1221 2359 et
1247 2325 1418 2372 abnepo-

131 2376 181 2412 tis
209 2377 493 2425 Leutychidae,
516 2379 623 2414 inter
647 2379 858 2425 Spartanos
882 2389 986 2426 reges
1007 2378 1185 2413 mentio?
1215 2379 1416 2415 Pausanias

127 2431 192 2470 111.
225 2444 260 2478 7.
289 2432 561 2471 Proclidarum
598 2432 879 2469 successionem
911 2432 1042 2469 multo
1074 2431 1234 2481 digessit
1272 2431 1412 2473 aliter3
