1718 2919
291 207 341 244 90
569 192 1314 234 ADNOTATIONES

287 299 375 334 dem
394 299 582 336 adnotare
602 300 883 349 neglexerunt.
908 299 1056 335 infanti
1089 312 1212 348 puero
1235 300 1433 338 nutricem
1462 300 1582 338 fuisse

287 357 505 392 Lacaenam.
543 354 605 392 Ad
638 356 760 390 huius
778 355 1021 391 mentionem
1043 357 1278 402 Thucydiden
1301 355 1501 404 scripsisse
1522 367 1582 392 re-

287 410 427 446 cordor
448 411 549 447 Vlll.
568 423 602 447 c.
624 411 682 452 6..
713 410 854 454 Endii.
881 410 1116 447 Alcibiadae
1135 411 1298 448 Laconis
1324 410 1428 456 filii,
1457 411 1583 448 Athe-

288 464 466 501 niensem
489 465 605 502 istius
626 465 814 513 temporis
840 465 1079 502 Alcibiaden
1109 465 1270 514 πατρικέν
1297 467 1324 508 ἐς
1346 464 1393 504 τοτ’
1421 464 1580 506 μάλιστα.

289 520 410 556 fuisse
439 520 533 563 ξένον·
565 518 652 564 ἕθεν,
681 520 812 564 addit,
843 522 900 557 καὶ
927 518 1072 562 τοῦνομα
1098 520 1289 559 Λακωνικόν
1314 520 1334 561 ἦ
1353 521 1442 558 οἰκίαι
1468 519 1579 559 ahili·

285 574 379 612 κκτοὶ
393 574 449 615 τήν
465 575 565 619 ’ξενίκν
582 575 692 620 ἔσχεν.
712 578 790 611 Hoc
804 575 969 622 quidem
982 602 991 619 ‚
1010 588 1118 612 more
1133 575 1227 612 satis
1246 575 1390 612 usitato
1402 601 1412 619 ‚
1432 587 1514 623 quo
1529 574 1581 610 li-

283 630 389 665 beris
404 630 605 678 hospitum
622 631 683 666 vel
696 630 920 666 amicorum
937 630 1130 667 indebant
1144 630 1326 666 nomina:
1344 629 1438 666 hinc
1447 629 1582 666 Timo-

286 684 349 720 nis
369 685 556 721 adulator
576 688 746 722 Lucianei
760 699 797 733 p.
817 699 828 720 1
841 686 904 721 68.
917 713 927 730 ,
945 684 1002 723 τέν
1018 685 1085 723 υἱδν
1105 686 1156 723 ἐπὶ
1173 687 1222 733 τῷ
1237 686 1286 734 σῷ
1304 683 1446 726 ὀνόματι
1461 687 1580 727 Τίμω-

287 756 326 776 νοι
345 738 523 780 ὠνᾶμκκκ.
549 742 776 778 Scholiasten
800 741 967 792 Thucyd.
988 741 1035 776 ad
1061 742 1089 777 l.
1109 753 1143 776 c.
1166 739 1313 776 erroris
1334 739 1580 777 insimulant

284 795 338 831 Io.
353 798 486 832 Meurs.
507 797 590 832 Att.
602 799 704 833 Lect.
719 810 754 844 p.
772 796 862 832 555.
875 801 915 833 et
925 797 1054 833 Duker.
1074 798 1175 832 Haec
1185 796 1426 831 auferantur
1442 806 1489 831 ex
1504 794 1580 833 isto

284 850 448 895 Sclzolio,
469 849 502 888 ὃς
515 845 551 889 ἦν
565 850 675 899 πατὴρ
694 847 910 889 τοῦἘνδῖιυι
934 851 1138 899 pertinent
1155 850 1265 887 enim
1276 850 1325 886 ad
1343 849 1497 893 vicina;
1516 850 1581 886 ni-

285 904 345 940 hil
360 905 439 941 crit
456 906 550 942 adeo
571 906 614 941 in
631 905 802 955 reliquis
820 906 896 942 rite
910 906 1100 954 acceptis.
1117 905 1224 954 quod
1243 904 1480 953 reprehendi
1499 916 1581 942 me—

287 967 436 996 reatur.
457 964 535 997 Hoc
553 967 683 997 tamen
706 961 841 1006 modo,
859 973 922 998 me
942 961 1093 1006 iudice,
1114 961 1260 997 rectius
1280 960 1497 1008 scripsisset
1517 959 1580 996 in-

287 1020 436 1063 terpres
456 1016 627 1052 minime
650 1017 982 1053 contemnendus:
1009 1013 1224 1058 Ἀλκιβιαῖἒκς
1240 1014 1431 1054 Λακωνικδν
1452 1009 1488 1055 ἦν
1509 1013 1581 1054 δνο-

289 1081 355 1114 μκ·
384 1074 535 1114 Κλεινίας
555 1068 585 1109 δὲ
605 1071 789 1115 Ἀθκνκῖσς,
811 1069 1057 1119 Λακεδαιμενίῳ
1077 1067 1274 1118 Ἀλκιβιάδῃ
1292 1070 1374 1114 ’ξένος
1392 1068 1579 1114 γενόμενος,

290 1124 330 1162 ro*
362 1123 467 1163 ὄνομ-κ
493 1127 542 1174 τῷ
575 1124 640 1174 ἰδίῳ
669 1123 762 1163 παιδὶ
796 1125 904 1164 ἕθετοε
931 1127 987 1162 sic
1017 1126 1060 1161 in
1092 1125 1224 1162 medio
1253 1125 1581 1173 relinqueretur,

286 1181 378 1228 quis
402 1180 556 1216 Clinias
585 1181 741 1228 primus
765 1181 887 1217 amici
915 1181 1155 1218 Laconicum
1185 1192 1330 1216 nornen
1362 1179 1452 1217 filio
1474 1178 1585 1215 indi-

286 1235 427 1277 disset3
462 1235 555 1284 qui,
585 1236 716 1272 forsan
746 1236 820 1272 isto
851 1242 1027 1284 tempore
1046 1236 1126 1272 iam
1147 1236 1329 1285 ignotus,
1349 1247 1459 1271 nunc
1477 1239 1582 1271 certe

286 1289 483 1339 designari
510 1291 667 1338 nequit.
695 1294 739 1327 In
760 1291 884 1328 isthac
903 1291 1037 1327 Attica
1059 1291 1217 1327 familia
1244 1294 1464 1339 potuerunt
1488 1294 1584 1327 ante

288 1346 466 1382 Cliniam
506 1347 570 1382 hic
601 1348 791 1383 Herodoto
823 1346 1033 1382 laudatum
1074 1347 1210 1395 plures
1244 1345 1364 1382 fuisse
1397 1344 1581 1389 Cliniae,

287 1401 424 1448 plures
453 1401 574 1437 etiam
609 1401 843 1438 Alcibiadae
862 1428 872 1439 .
909 1402 1070 1438 fortasse
1105 1413 1154 1437 ne
1183 1401 1225 1436 in
1261 1400 1378 1437 istius
1413 1399 1582 1448 quidem

285 1456 372 1492 aevi
406 1456 680 1493 monumentis
708 1456 1021 1493 commemorati.
1063 1458 1244 1493 Herodoti
1279 1454 1459 1493 Cliniam
1498 1454 1582 1504 pri-

287 1524 402 1547 mum
432 1512 519 1548 filio
539 1512 779 1548 Laconicum
810 1511 1044 1559 imposuisse
1071 1523 1217 1548 nomen
1247 1510 1433 1559 plerique
1456 1509 1582 1547 credi-

284 1565 454 1609 derunt3
480 1567 646 1615 sed-quo
668 1567 826 1603 tandem
842 1571 1079 1616 argumento
1102 1567 1228 1603 moti?
1246 1565 1439 1602 Privatim
1457 1564 1580 1602 amici

286 1621 456 1658 fuerunt
480 1628 519 1658 et
546 1622 622 1665 ξένοι
644 1622 800 1660 Clinias
828 1621 1085 1658 Atheniensis
1116 1628 1155 1658 et
1180 1620 1380 1670 Spartiata
1411 1620 1580 1669 quidam

284 1676 537 1719 Alcibiadas;
570 1677 633 1713 sed
656 1676 892 1713 Alcibiadae
922 1676 1049 1713 Attici
1074 1677 1243 1713 maiores
1266 1675 1492 1724 publicitus
1510 1676 1582 1713 La-

285 1731 635 1768 cedaemoniorum
663 1732 743 1775 iarn
775 1731 895 1768 fuisse
921 1732 1113 1768 videntur
1136 1730 1301 1778 πρόξενοιε
1331 1731 1404 1768 ista
1434 1729 1583 1779 permi-

285 1786 384 1823 sceri
408 1800 487 1824 non
507 1787 729 1824 debuerant
742 1817 751 1832 ‚
764 1799 870 1834 quac
884 1793 980 1823 sunt
994 1787 1137 1836 utique
1154 1786 1436 1824 diversissima.
1458 1786 1583 1823 Athe·

285 1841 416 1878 niensi
438 1842 644 1879 Alcibiadi
660 1856 680 1878 a
696 1842 918 1878 maioribus
938 1843 1084 1878 tradita
1102 1855 1194 1878 cum
1211 1841 1448 1878 Alcibiadae
1464 1841 1582 1889 Spar-

287 1898 371 1934 tani
403 1897 568 1946 posteris
587 1898 794 1934 colebatur
812 1897 991 1933 amicitia
1004 1924 1015 1941 .,
1049 1898 1217 1948 Thucyd.
1235 1898 1339 1934 VIII.
1361 1897 1398 1933 6.
1421 1895 1486 1932 sed
1506 1897 1582 1932 La-

286 1952 635 1989 cedaemoniorum
668 1966 748 1989 non
777 1958 861 1989 erat
880 1952 913 1989 is
933 1952 1107 2000 πςόζξενοςι
1135 1953 1245 1988 hunc
1273 1951 1465 1988 honorem
1497 1955 1582 1988 stu-

285 2006 379 2042 duit
403 2008 476 2043 ille
505 2020 760 2056 recuperare,
788 2007 905 2043 cuius
929 2019 1047 2044 onere
1075 2007 1194 2044 illius
1219 2018 1258 2043 se
1277 2005 1359 2042 iam
1386 2018 1484 2043 avus
1510 2005 1582 2042 ab-

285 2061 507 2099 dicaverat:
535 2063 617 2099 vid.
636 2064 802 2114 Thucyd.
823 2066 874 2099 V.
897 2064 982 2106 43„
1010 2068 1049 2099 et
1067 2075 1153 2111 cap.
1177 2064 1240 2112 89.
1259 2061 1331 2097 ubi
1352 2059 1583 2099 Alcibiades

285 2117 329 2152 in
351 2118 531 2155 oratione
549 2118 596 2154 ad
618 2117 963 2161 Lacedaemonios,
988 2119 1051 2155 τῶν
1081 2117 1195 2161 ἡμῶν,
1221 2115 1385 2164 inquit,
1414 2113 1580 2163 προγόνων

285 2171 343 2212 τήν
361 2172 526 2220 πρῡξενίκν
545 2172 640 2212 ὑμῶν
658 2195 675 2201 -
692 2194 707 2202 ·
730 2171 962 2217 α’πειπόντων,
985 2170 1089 2216 αὐτ-ὃς
1112 2170 1175 2215 {703
1197 2169 1303 2209 πάλιν
1324 2167 1578 2211 οἶναλαμβᾶνων

287 2226 470 2275 ἐθεροέπευον
494 2227 599 2269 ὑμᾶς.
622 2230 696 2264 VA
707 2230 774 2265 LC
786 2229 834 2263 K.

395 2281 539 2323 CAP.
556 2282 754 2322 XVIII.
778 2284 814 2318 6.
833 2279 972 2331 ἃμα-μὲν
992 2279 1028 2322 323
1046 2278 1233 2327 ἐβούλευον)
1262 2279 1368 2318 Vide
1392 2278 1579 2328 superius

284 2350 316 2374 c.
337 2346 373 2381 4.
404 2340 573 2375 Accusat
586 2339 840 2386 asperitatem
859 2335 1044 2373 vocabuli
1062 2334 1207 2384 δρκσμοῦ
1221 2336 1450 2380 Plutarchus,
1469 2334 1578 2383 quod
1627 2338 1630 2351 ²

283 2393 332 2429 de
345 2391 448 2444 fuga
466 2394 712 2430 consuluisse
736 2396 899 2431 Graecos
917 2394 1058 2429 Noster
1076 2391 1196 2427 dicat.
1240 2392 1295 2428 At
1314 2393 1418 2427 nimis
1443 2402 1579 2427 severus

281 2455 335 2493 est
352 2450 605 2488 Aristarchus.
636 2453 755 2499 Atque
773 2451 883 2486 etiam
900 2447 990 2485 illud
1010 2460 1083 2484 non
1104 2448 1248 2493 tulerit,
1261 2447 1386 2491 credo,
1405 2445 1500 2496 quod
1517 2457 1580 2483 res:
