1718 2919
305 191 383 232 306
594 184 1345 233 ADNOTATIONES

302 297 488 333 dicturus
521 301 605 332 erat
637 296 836 344 Scriptor‚
861 299 927 339 τοῖς
948 298 1088 345 Πέρσῃσι
1119 296 1183 341 τοὲς
1209 294 1328 340 διόδους
1358 299 1480 343 τκρεῖνε
1515 292 1605 342 sed9‘

300 352 496 401 quoniam
531 351 640 388 alius
674 351 783 388 adest
817 351 977 388 dativus
1015 354 1234 397 Μιλησίοισι,
1268 352 1452 389 variandi
1487 364 1603 389 causa

299 420 410 444 nunc
440 406 666 457 genitivum
694 406 855 455 posuit,
883 413 922 443 et
951 407 1015 444 τῶν
1047 408 1190 455 Περσέων
1219 405 1283 450 τοὶς
1313 403 1455 450 διόδους,
1488 409 1607 445 exitus

297 464 512 508 Persarum,
539 462 645 498 dixit
671 464 785 499 exitus
815 465 955 498 viarum
976 461 1098 511 quibus
1121 476 1158 499 se
1189 463 1320 499 Persae
1347 464 1502 512 recipere
1516 476 1608 511 pos-

293 523 387 556 sent.
416 516 461 557 S.

405 571 552 614 CAP.
572 570 680 613 CV.
703 587 739 610 2.
770 570 975 619 Ἑρμόλυκος
997 570 1015 609 ο’
1035 567 1250 621 Εὐθύνου)
1282 571 1416 608 Licuit
1445 583 1609 621 semper

297 628 340 664 in
367 628 589 679 ambiguis,
615 641 637 664 a
668 629 770 665 sorte
797 627 961 663 fortuna
995 627 1176 663 oblatum
1203 626 1396 675 arripere.
1434 626 1598 670 Εὸθῦνου,

295 684 359 720 sed
381 683 539 722 obscuri
562 683 760 729 hominis,
781 682 1218 727 meminitAristoteles,
1238 682 1399 719 Rhe—tor.
1424 683 1468 720 ΙΙ.
1488 695 1600 733 ¹9-P·

300 752 365 790 92·
402 738 511 778 Δεινδν
529 738 606 776 εἶναι
620 765 630 781 ,
654 738 868 788 inquiebat
881 739 1083 783 Isocrates,
1099 739 1124 775 εἶ
1146 737 1164 775 o‘
1183 739 1241 779 μὲν
1258 734 1438 779 Εὔθυνος
1457 736 1600 784 ἔμαθεν,

295 795 401 839 αὐτ-ἅς
420 792 450 833 δὲ
469 793 518 838 μοὶ
538 792 707 835 δυνήσει-αι
738 793 846 842 εὑρεῖν.
876 795 1014 842 Neque
1040 793 1200 843 ignotus
1230 790 1385 835 Εὐθύνοος
1403 804 1449 827 ex
1468 798 1600 830 vetere

295 862 502 898 responso,
532 847 684 893 Εὐθύνοος
708 853 816 887 κεῖται
846 846 988 897 μοιριδίῳ
1015 846 1158 897 Saevire..)
1179 847 1207 883 i.
1226 859 1261 883 e.
1285 848 1455 884 Cicerone
1475 848 1600 885 inter·

295 911 499 954 pretante‚
526 905 740 958 Euthynous
761 905 928 953 potitur,
950 901 1121 950 fatorum
1142 905 1303 947 numine,
1335 903 1453 948 letho,
1484 903 1598 951 Disp-

293 963 323 997 Τ
327 962 455 998 uscul.
475 962 503 997 Ι.
522 969 587 1010 49.
624 962 883 1010 Hermolycum
902 957 1182 1008 παγκρατιαστῆν
1202 970 1281 994 non
1301 959 1505 996 Pausanias
1525 958 1599 996 lib.

292 1018 321 1053 I.
345 1017 409 1052 23,
432 1016 603 1065 ignorat.
623 1015 809 1054 WESS.

402 1069 548 1111 CAP.
571 1068 703 1110 CVI.
738 1072 756 1105 8
782 1083 853 1119 seq.
888 1066 955 1109 ὅπη
979 1066 1079 1117 χρεών
1105 1066 1180 1115 εἴη)
1213 1067 1422 1105 Dederunt
1459 1069 1596 1116 plures

290 1139 415 1163 manu
438 1126 588 1163 exarati
609 1124 675 1166 ἔπη
697 1126 771 1163 lib.
790 1129 843 1162 V.
863 1126 948 1171 87.⁷
977 1136 1134 1172 pessum
1153 1124 1303 1172 absque
1316 1135 1449 1160 caussa
1465 1135 1487 1159 a
1506 1124 1597 1161 viro

291 1182 565 1220 Celeberrimo
595 1181 752 1218 datum.
792 1183 948 1218 Iustum
968 1185 1007 1216 et
1037 1190 1106 1228 ego
1132 1182 1322 1216 nummio-ou
1344 1178 1504 1224 iudico,
1530 1180 1597 1216 iu-

289 1237 512 1274 stissimum
532 1237 680 1274 (ἐπεῖναι.
712 1235 820 1284 Quid
839 1241 974 1271 autem
995 1234 1247 1282 προκοιτῖσθοιι,
1269 1230 1358 1284 [lin.
1385 1233 1463 1280 11.]
1482 1247 1597 1284 aper·

292 1299 378 1330 tum
403 1304 449 1328 ex
467 1292 539 1330 lib.
563 1293 669 1330 VIII.
698 1292 761 1328 56.
782 1290 960 1331 WESS.

352 1362 363 1383 1
377 1349 411 1384 5.
441 1351 525 1385 τοῖσι
544 1347 571 1384 ἐν
590 1349 708 1384 τέλεϊ
725 1347 809 1384 ἐοῦσι
828 1342 846 1393 )
879 1347 1004 1383 Nemo
1022 1343 1070 1379 de
1090 1344 1314 1392 scripturae
1331 1344 1502 1381 veritate
1519 1344 1608 1381 du->

289 1403 437 1439 bitabit
458 1402 501 1437 in
525 1408 743 1450 posterum.
774 1402 818 1438 Οἱ
839 1402 865 1439 ἐν
882 1401 987 1441 τέλει,
1019 1400 1078 1449 qui
1098 1401 1138 1435 in
1159 1401 1377 1448 magistratu
1402 1406 1499 1441 sunt.
1529 1400 1594 1438 Sic

288 1458 371 1497 lib.
385 1459 448 1494 Ill.
472 1459 533 1495 18.
555 1459 673 1495 τιθέναι
699 1454 746 1494 τοὶ
770 1457 848 1505 κρέα
875 1453 951 1498 τούς
973 1455 1009 1492 ἓν
1035 1455 1158 1491 τέλεϊ
1175 1453 1334 1498 iaaloz-avg
1357 1452 1491 1499 {dvx-25,
1517 1456 1594 1492 sin-

287 1517 392 1563 gulos
421 1515 547 1550 civium
567 1514 819 1562 magistratus.
857 1512 1009 1548 Ismene
1030 1510 1072 1544 in
1093 1509 1280 1558 Sophoclis
1299 1509 1436 1559 Antig.
1454 1523 1508 1546 vs.
1529 1511 1595 1548 66.

288 1572 355 1612 τοῖς
379 1570 414 1607 ἐν
438 1569 558 1606 τέλει
586 1569 710 1607 eseam
730 1569 910 1609 πείσομκιτ
941 1571 980 1601 et
999 1564 1165 1601 Philoct.
1189 1577 1245 1601 vs.
1269 1565 1361 1610 384.
1381 1564 1459 1602 Οὐκ
1478 1565 1593 1603 miz-1⁶⁴5-

287 1640 354 1666 μαι
372 1627 470 1661 κεῖνον
498 1622 540 1666 ὥς
555 1621 631 1665 τούς
648 1623 676 1660 ἐν
705 1623 804 1659 τέλει.
843 1621 915 1659 Sed
942 1620 1135 1657 abstineo.
1167 1620 1272 1657 Vide
1301 1628 1431 1657 tamen
1456 1621 1592 1659 Schol.

287 1679 335 1714 ad
367 1680 535 1728 Gregorii
561 1678 741 1714 Nazianz.
763 1676 893 1714 stelit.
910 1677 937 1713 Ι.
960 1689 998 1724 p.
1020 1676 1079 1712 13.
1102 1677 1160 1713 W
1174 1676 1283 1713 ESS.
1304 1696 1354 1702 —-
1385 1675 1594 1724 Scripsisse

286 1733 472 1777 videtur,
495 1739 541 1770 ut
559 1739 616 1769 est
635 1733 678 1768 in
702 1733 801 1771 Med.
827 1731 942 1769 Cod..
966 1732 1231 1770 Πελεποιινκσίων
1247 1733 1305 1773 μὲν
1325 1733 1408 1768 τοῖσι
1427 1730 1454 1767 ἕν
1473 1732 1594 1769 τέλεϊ

286 1790 324 1826 ἐο
338 1791 429 1832 iios,
451 1788 676 1837 Principibus
698 1790 882 1825 civitatum
902 1788 1150 1836 Peloponnesi.
1179 1787 1222 1822 In
1239 1785 1426 1823 Editione
1449 1787 1597 1823 Crono-¹·

285 1846 335 1880 vii
373 1843 583 1880 memorati
624 1846 860 1894 magistratus
892 1844 1064 1891 Pelopo
1079 1844 1323 1878 nnensium
1359 1839 1468 1876 nulli
1509 1841 1593 1878 fue.

288 1904 410 1935 runt:
439 1895 608 1948 [nempe
626 1899 682 1935 sic
707 1909 914 1947 perperam
934 1897 1131 1944 scriptum
1152 1896 1194 1932 in
1218 1897 1391 1933 Gronovii
1412 1896 1565 1933 Latinis
1580 1923 1591 1942 ,

287 1955 630 2004 Peloponnensium,
656 1961 694 1991 et
715 1967 805 1990 mox
828 1953 977 1990 iterum
998 1953 1301 2001 Peloponnenses,
1325 1964 1395 2000 pro
1419 1962 1464 1987 eo
1482 1951 1589 2000 quod

286 2011 494 2057 oportebat
513 2011 852 2058 Peloponnesiorum
867 2016 905 2045 et
925 2009 1186 2056 Peloponnesii.
1216 2010 1260 2044 In
1283 2006 1460 2042 eiusdem
1496 2007 1592 2043 Gro-

287 2067 382 2101 novii
402 2065 558 2102 Graecis
584 2071 730 2101 temere
749 2069 950 2100 servatum
972 2068 1056 2099 erat
1079 2060 1189 2100 τέλεσι
1203 2089 1212 2107 ,
1238 2068 1278 2099 et
1297 2062 1488 2098 omissum
1505 2073 1594 2099 ver-

285 2120 384 2156 bum
408 2121 512 2158 ἐοῢο-ιε
542 2119 590 2155 de
621 2120 772 2167 quibus
793 2117 1038 2168 corrigendis
1057 2116 1198 2153 erratis
1222 2117 1265 2152 in
1287 2116 1400 2154 Notis
1427 2117 1590 2154 monuit

284 2171 466 2224 Editor-J
497 2177 734 2224 magistratus
758 2174 1233 2211 Lacedaemoniorum
1257 2175 1387 2210 Vallae
1408 2173 1591 2208 niteban-

287 2235 356 2266 tur
380 2230 512 2266 verbis
525 2231 646 2267 Schol.
672 2231 840 2281 Thucyd.
863 2242 901 2277 p.
917 2240 966 2273 40
980 2256 991 2273 7
1011 2241 1074 2278 97.
1092 2223 1169 2278 [ad
1194 2227 1266 2264 lib.
1285 2230 1311 2264 1.
1333 2240 1366 2264 c.
1387 2223 1478 2277 58.]
1496 2227 1591 2276 qui-

282 2286 359 2322 bus
388 2286 510 2321 etiam
539 2286 631 2334 plus
663 2286 784 2322 semel
819 2286 966 2320 abusus
997 2290 1053 2320 est
1083 2285 1280 2320 Meursius:
1313 2294 1404 2319 vere
1426 2282 1589 2320 monuit

285 2341 394 2377 Clar.
413 2342 543 2378 Duker.
560 2369 568 2384 ‚
594 2353 674 2375 non
696 2338 1097 2377 Lacedaemoniorum
1127 2344 1284 2374 tantum
1299 2367 1308 2382 ‚
1341 2337 1404 2374 sed
1430 2346 1468 2374 et
1487 2337 1589 2374 alio-

282 2408 377 2432 rum
393 2423 402 2439 ‚
426 2398 665 2445 magistratus
690 2396 771 2435 τὲλκ
793 2395 912 2430 fuisse
936 2394 1073 2430 dictos.
1103 2393 1356 2441 Magistratus
1386 2400 1520 2429 autem
1548 2398 1588 2429 et

283 2450 361 2487 viri
383 2451 607 2500 principes,
634 2451 660 2489 οἱ
680 2451 708 2489 ἐν
739 2448 935 2495 οἷ’ξιώμκτι,
963 2448 1120 2498 saepius
1138 2448 1261 2486 etiam
1287 2448 1485 2485 dicuntur
1507 2447 1534 2486 οἱ
1555 2447 1585 2484 ἐν

794 2558 814 2570 ΙΙ
