1718 2919
347 237 443 277 AD
487 236 900 276 HERODOT.
944 235 1164 277 V11.‘225.
1381 241 1429 286 59

139 342 228 378 dem
251 352 344 379 vero
372 342 638 390 suspicionem
664 354 803 378 rursus
827 340 1032 389 deposuit,
1065 340 1259 389 quoniam
1285 340 1339 376 ita
1369 339 1431 375 ni-

140 397 220 434 mis
241 397 412 444 abrupte
429 397 686 433 inchoaretur
710 408 877 445 sequens
895 395 1080 443 periodus
1094 422 1103 439 ‚
1126 395 1208 433 ’Υπέ
1198 412 1225 444 ρ
1245 397 1305 433 τοῦ
1325 412 1351 432 νε
1356 395 1432 443 noaz?

141 467 198 489 του
226 449 383 490 Λεωνιδέω
401 459 469 489 etc.
502 451 643 489 Nihilo
660 451 797 487 minus
825 452 1094 499 VVesselingius
1119 456 1203 498 post
1227 466 1321 494 mxx:
1327 448 1386 491 dem
1391 465 1432 486 νοι

138 505 306 555 quidem
332 506 588 555 interpunxit
621 507 841 542 orationem
861 533 870 551 ,
903 505 1084 553 proxime
1112 504 1317 553 sequentia
1340 516 1432 540 vero

140 562 259 598 verba
288 561 436 598 intacta
457 560 649 610 reliquit,
687 562 846 597 nullam
876 561 919 596 in
948 559 1060 597 Notis
1094 571 1214 607 super
1244 559 1316 594 hoc
1348 559 1433 594 loco

139 615 435 653 dubitationem
453 616 702 666 significans,
729 622 771 652 at
788 616 830 651 in
853 615 980 652 latina
1002 621 1133 651 tamen
1147 613 1327 650 versione
1342 626 1433 649 con-

140 670 365 707 iunctivam
391 671 582 708 adiiciens
606 671 873 718 pz‘nticulam:
913 663 1047 707 Xerxis
1068 672 1180 719 igitur
1203 670 1270 705 duo
1286 666 1433 714 fratres

136 733 343 775 pugnantes
364 727 569 771 occubuere5
589 728 790 776 adeoque
808 726 990 762 vehemens
1011 726 1053 761 de
1068 726 1241 761 cadavere
1254 724 1434 759 Leonidae

129 779 214 828 fuit
235 782 426 818 Persarum
453 776 881 832 Lacedaemoniorumque
908 782 1092 829 conflictus
1121 785 1193 815 etc.
1221 780 1307 815 Post
1328 778 1439 816 huno

135 834 377 883 Schaeferus,
415 843 551 873 tenens
582 842 668 885 post
695 836 897 882 μοιχεόμενοι
925 835 1318 883 interpunctionem,
1343 840 1435 869 ante

149 889 227 938 ὑπὲρ
250 892 312 928 τοῦ
337 893 466 939 νεκροῦ,
494 894 567 929 καὶ
603 891 845 940 particulam
871 902 917 926 ex
947 890 1112 926 coniect.
1138 889 1299 930 adiecit;
1331 899 1434 936 quae

143 945 345 993 particula
376 958 422 982 ex
453 945 712 995 Schaefhriana
740 946 916 982 editione
942 946 983 980 in
1017 951 1191 981 nostram
1225 950 1434 992 propagata

144 1005 213 1036 est.
240 1002 297 1037 At
316 1001 502 1050 equidem
516 1028 526 1046 ⁷
551 1003 583 1038 si
616 1002 730 1038 modo
751 1013 901 1038 necesse
921 1000 1064 1049 utique
1085 999 1165 1036 fuit
1181 1012 1202 1035 a
1223 1006 1357 1035 vetere
1377 1011 1437 1033 ra-

145 1054 255 1091 tione
282 1055 496 1097 discedere,
531 1059 720 1104 profiteor
746 1057 866 1105 paulo
885 1055 1169 1104 expeditiorem
1199 1053 1299 1089 mihi
1328 1065 1437 1089 nune

143 1109 272 1146 videri
309 1113 538 1148 Valckenarii
575 1112 797 1155 rationem,
833 1111 876 1146 in
905 1111 1082 1147 eamdem
1114 1122 1205 1145 cum
1240 1107 1435 1155 schaefero

145 1165 383 1202 sententiam
413 1166 491 1214 ὑπέρ
516 1183 558 1204 τε
577 1168 638 1204 τοῦ
664 1168 772 1214 νεκροῦ
790 1166 1036 1214 corrigentis.
1067 1163 1244 1201 l'otuerit
1262 1175 1353 1200 vero
1374 1163 1437 1198 ni-

144 1219 230 1256 hi‘lo
257 1221 393 1257 minus
415 1221 559 1258 deinde
588 1227 673 1270 post
691 1222 834 1269 Περσέων
862 1221 996 1256 eadem
1025 1236 1060 1257 τε
1090 1219 1289 1268 particula
1316 1230 1435 1255 suum

143 1275 279 1311 locum
306 1276 426 1314 tueri.
458 1274 502 1312 S.

200 1338 239 1374 4.
269 1329 626 1380 ὖπερεξέρυοαν)
656 1331 835 1368 Raritate
862 1329 1176 1373 conmendatur‚
1212 1329 1330 1364 nullo
1355 1328 1437 1369 alio

147 1384 378 1436 privilegio:
408 1385 514 1421 idem
552 1386 864 1434 ὑπεξείρυσαν,
895 1387 1116 1422 subtraxisse
1145 1384 1332 1421 videlieet
1365 1396 1436 1419 sua

143 1439 296 1476 virtute
313 1440 587 1490 pugnantibus
602 1441 724 1477 Persis
737 1444 938 1490 Spartanos
955 1442 1136 1477 Leonidae
1150 1453 1292 1488 corpus,
1314 1441 1413 1475 Nam
1428 1467 1438 1483 ‚

144 1494 251 1543 quod
272 1494 339 1530 illi
358 1499 505 1532 Xerxes
522 1496 665 1532 deinde
686 1496 861 1543 turpiter
880 1494 1117 1537 insultavit,
1142 1501 1227 1530 tum
1248 1493 1437 1542 contigit,

146 1561 239 1586 cum
261 1550 425 1587 trecenti
448 1556 534 1598 post
551 1556 764 1586 strenuum
782 1556 979 1586 certamen
1001 1550 1272 1585 occubuerant
1289 1561 1439 1587 omnes.

148 1606 307 1641 Frustra
334 1605 443 1641 enim
474 1605 518 1640 in
539 1605 601 1641 his
634 1599 851 1641 difficultas
871 1605 1095 1653 quaeritur.
1139 1606 1256 1640 Porro
1276 1599 1358 1653 [lin.
1385 1599 1439 1653 7.]

148 1659 317 1707 ἑτεροιοῦτο
345 1659 385 1698 ro*
407 1664 545 1703 νεῖκος
564 1672 610 1696 ex
629 1662 733 1697 Pass.
753 1659 982 1708 legitimum
1007 1665 1116 1707 puto.
1149 1661 1263 1701 Νεῖκος
1282 1658 1330 1693 de
1356 1659 1440 1696 bel·-

148 1714 189 1749 lo
212 1719 251 1749 et
270 1727 426 1764 pugnae
443 1714 697 1752 contentione
715 1728 746 1752 c.
777 1716 864 1752 158.
887 1715 1084 1762 alibique.
1123 1713 1339 1751 Geminum
1363 1714 1439 1748 scr-

149 1780 213 1804 me
233 1770 305 1805 lib.
326 1773 393 1807 IX.
420 1783 507 1806 101.
530 1771 664 1807 ἐνθεῦτεν
684 1767 741 1811 ἤδη
757 1770 928 1815 ἑτεροιοῦτο
946 1770 987 1807 ·ι-ο“
1009 1771 1165 1816 πρῆγμα.
1189 1768 1370 1806 WESS.
1385 1788 1436 1795 —

149 1824 279 1868 §7232
294 1827 447 1873 ίρυσ-οιν
479 1826 544 1861 lin.
566 1833 602 1869 4.
632 1838 723 1861 eum
743 1822 887 1871 Schaef.
909 1837 955 1860 ex
985 1825 1066 1861 edd.
1091 1831 1176 1860 ante
1197 1825 1312 1860 Gron.
1333 1835 1440 1859 revo-

148 1879 248 1916 cavi.
289 1880 419 1917 Codex
447 1882 543 1916 Med.
571 1886 705 1916 autem
725 1892 817 1916 cum
838 1881 942 1917 Pass.
960 1881 1048 1916 Ask.
1075 1884 1116 1915 ct
1144 1891 1224 1914 uno
1244 1890 1292 1914 ex
1318 1879 1437 1915 Puris.

147 1947 228 1970 non
261 1934 456 1983 ύπεξέρυσοεν
483 1935 626 1975 dabat,
662 1940 708 1972 ut
734 1934 778 1970 in
810 1940 942 1971 nostra
978 1935 1068 1970 Var.
1101 1936 1202 1970 Lect.
1234 1944 1440 1981 perperam

148 1989 343 2038 seriptum
359 2017 368 2035 ‚
396 1990 461 2026 sed
481 1989 814 2037 ὐπερεξέρυσανε
845 1989 951 2038 quod
973 2001 1040 2038 ego
1060 1988 1225 2037 quidem
1252 1988 1440 2024 librario-

146 2056 240 2080 rum
266 2045 394 2081 errori
420 2044 727 2081 adscribendum
753 2050 872 2093 puto,
901 2045 1172 2093 PVesselingius
1193 2055 1285 2080 vero
1305 2056 1326 2079 a
1349 2044 1444 2080 Gro-

150 2113 229 2136 ηον.
257 2105 458 2148 receptum
486 2100 529 2135 in
562 2105 748 2136 contextu
778 2099 935 2135 tenuit:
968 2099 1212 2148 quibuscum
1236 2104 1368 2135 noster
1387 2103 1444 2134 et-

149 2154 230 2190 iam
262 2155 345 2192 cod.
370 2157 413 2192 F.
442 2156 524 2192 fere
557 2154 779 2199 consentit,
817 2153 890 2203 qui
926 2167 1029 2200 non,
1060 2160 1107 2190 ut
1138 2153 1182 2189 in
1221 2155 1313 2191 Var.
1342 2155 1443 2190 Lect.

148 2209 256 2254 dixi,
286 2208 516 2255 ὕπεξέἰρυσοιν,
544 2210 608 2246 sed
627 2207 724 2260 (ut,
752 2210 884 2246 codice
914 2209 1065 2246 iterum
1094 2210 1269 2256 inspecto
1287 2235 1297 2253 ,
1335 2219 1444 2244 nunc

152 2264 334 2311 primum
363 2264 665 2313 animadverto)
692 2265 933 2312 ὁπερεξέρξυσαν
963 2264 1152 2312 praefert.
1179 2262 1224 2301 S.

213 2332 274 2355 10.
305 2318 323 2357 ὁ
343 2316 374 2356 δὲ
392 2318 532 2362 κολωνές
558 2320 625 2357 ἔστι
643 2326 712 2357 etc.
734 2317 752 2369 )
785 2319 1008 2355 Parendum
1029 2318 1113 2355 fuit
1134 2318 1293 2366 scriptis
1314 2317 1444 2354 libris.

150 2375 341 2411 Plutarchi
358 2373 551 2410 editiones
570 2373 721 2412 Κολωνδν
738 2379 960 2418 ostentant,
979 2373 1098 2410 sicuti
1118 2379 1157 2409 et
1174 2375 1307 2417 Aldus,
1328 2371 1445 2421 quasi

148 2428 363 2478 proprium
392 2441 552 2467 nomen.
597 2431 720 2478 Prope
744 2441 838 2465 eum
865 2429 1011 2465 collem
1037 2425 1190 2466 Λεωνίδου
1214 2428 1311 2468 ‹riu-x
1338 2426 1446 2474 apud

148 2484 414 2523 Philostratum
430 2487 469 2522 V
472 2484 518 2521 it.
535 2485 674 2532 Apoll.
693 2484 768 2522 lib.
786 2486 857 2522 lV.
883 2484 966 2527 23.;
989 2482 1127 2522 verius
1145 2484 1297 2520 Noster.
1335 2480 1447 2519 Adde
