1718 2919
307 195 400 236 An
452 194 836 234 HERono'r.
879 193 963 233 1x.
993 205 1149 244 71-74.
1309 196 1387 241 283

100 305 198 337 σοι’το.
240 299 337 336 Plut.
354 310 515 347 quoque
538 296 706 333 Aristid.
734 309 772 345 p.
790 296 881 334 325.
902 310 936 333 r.
978 296 1137 344 Quibus
1154 301 1288 333 autem
1308 296 1390 346 πρδς

97 352 308 394 Ἀείμνκστον
337 354 484 401 placet,
509 353 734 403 Thucydides
750 380 759 395 ,
785 352 851 387 cui
885 351 1118 388 Plataeensis
1135 353 1260 388 Lacon
1277 351 1390 394 Ἀειμ-

101 405 218 446 νήστου
236 408 310 445 lib.
334 409 395 444 III.
419 409 480 444 52.
494 434 504 451 ‚
525 407 685 443 fortasse
703 405 825 442 huius
847 406 981 451 filius,
1000 406 1141 442 aderit.
1188 407 1297 443 Adeo
1316 405 1387 442 ite·

102 474 195 497 rum
216 475 356 510 anceps
380 462 459 499 viri
489 461 646 498 titulus.
686 461 802 498 Conf.
823 473 854 497 c.
875 462 939 498 63.
957 457 1016 511 [c.
1037 462 1101 505 64,
1120 458 1179 511 8.]
1208 461 1389 502 WESS.

212 515 358 556 CAP.
375 514 604 556 LXXIII.
626 529 662 552 2.
683 514 861 563 Σωφάνης)
889 518 933 552 In
950 517 1047 553 Plut.
1061 515 1227 565 Malign.
1243 529 1279 564 p.
1297 516 1387 563 873.

102 584 140 607 n.
157 575 197 607 et
216 572 374 609 Cimon.
398 586 435 620 p.
456 572 546 616 485.
565 586 599 608 B.
620 568 784 618 Σωχεὶρης
802 569 820 608 o‘
837 569 1011 613 Λεκελεύς,
1035 571 1140 607 haud
1159 571 1245 607 sine
1258 572 1388 618 lapsu.

101 626 284 663 Proxime
311 641 331 663 a
359 627 525 663 veritate
549 624 707 669 Σωφένκς
732 623 886 668 Δεκελεὺς
910 627 1113 663 Pausaniae
1135 628 1163 662 Ι.
1194 640 1256 676 29.
1285 624 1388 676 (ubi

98 681 311 731 Sylburgius
331 681 460 732 bene)
489 681 606 718 abiit.
644 683 857 728 Insequens
880 680 915 717 ἐκ
943 677 1046 722 δήμω
1065 681 1292 720 Δεκελῐῖθεν
1317 681 1387 716 Th.

99 735 235 772 Pinedo
254 737 301 773 ad
321 738 442 786 Steph.
459 738 549 787 Byz.
573 736 841 775 Δεκελειῖῐθεν
866 735 1064 785 pingebat.
1096 737 1151 772 At
1172 737 1267 771 urbs
1283 735 1389 771 Ioni-

100 789 176 825 bus
201 793 341 831 Δεκελέν,
375 804 406 827 c.
440 793 498 829 15.
530 797 568 828 et
599 791 684 838 ipso
712 790 783 825 hoc
814 790 978 838 Capite,
1004 789 1109 826 unde
1130 790 1386 829 Δεκελεῆθεν

98 839 361 892 (praesertim
384 847 415 882 si
437 846 575 894 oppidi
597 853 635 882 et
660 845 837 881 nominis
860 852 1001 881 auctor
1015 843 1190 892 Δεκέλεος)
1217 845 1294 881 fide
1314 846 1389 881 Co-

97 898 235 935 dicum
253 902 366 937 Arch.
383 908 420 937 et
441 904 570 938 Vullae
588 897 708 952 [conf.
725 902 749 936 l.
767 896 822 950 8.]
843 900 993 948 optime
1009 899 1201 948 procedet.
1214 900 1386 938 WESS.

101 972 152 979 —
193 955 377 992 Duorum
410 956 595 1000 nomina,
616 955 696 1004 qui
720 955 790 991 hoc
815 955 966 1002 praelio
988 966 1070 990 rem
1099 954 1250 1002 optime
1269 965 1388 1003 gesse-

98 1009 219 1054 runt,
247 1011 429 1047 mendose
448 1012 593 1059 scripta
623 1012 818 1059 leguntur
843 1010 949 1058 apud
970 1010 1160 1046 Plutarch.
1183 1009 1232 1044 de
1249 1010 1387 1045 Herod.

98 1064 234 1113 Malig.
257 1079 294 1113 p.
315 1067 404 1112 873.
430 1081 464 1102 n.
485 1064 648 1113 Σωχοέρκς
666 1067 724 1101 ux}
743 1066 951 1107 Aetmmog:
972 1077 1147 1112 quorum
1167 1064 1252 1100 loco
1276 1075 1387 1111 repo—

98 1118 227 1154 nenda
253 1127 347 1156 sunt
365 1121 527 1157 nomina
550 1118 713 1163 Σωφάνης
739 1121 796 1155 καὶ
815 1119 1034 1161 Ἀείμνηστος.
1079 1118 1150 1155 Sed
1176 1119 1248 1154 hoc
1276 1131 1388 1166 prac-

97 1173 205 1221 cepit
225 1173 243 1210 ὁ
261 1174 349 1212 πάνυ
378 1176 421 1211 in
440 1176 542 1212 Diss.
563 1175 698 1211 Herod.
720 1186 756 1220 p.
780 1174 843 1208 61.
874 1173 949 1209 Ubi
965 1175 1166 1211 Det-elensis
1187 1174 1385 1221 Sophanes

96 1226 250 1265 dicitur
271 1229 307 1267 ε’ἐι
327 1227 430 1271 ὃνῖμσυ
448 1231 701 1269 Δεκελῆθεν,
725 1228 916 1275 primitus
936 1229 1036 1264 sorte
1051 1228 1245 1276 scriptum
1263 1236 1386 1265 Δεκε-

97 1283 240 1323 λεῆθεν
254 1309 264 1327 ,
284 1285 334 1319 ab
353 1285 485 1321 lonico
501 1281 655 1322 Δεκελέκ.
692 1284 916 1332 Sceph.Byz.
930 1283 973 1318 in
993 1285 1170 1321 Δεκέλεικτ
1191 1282 1230 1320 τοΙ
1246 1281 1383 1320 τοπικέν

96 1339 317 1375 Δεκελειοῖθεν·
336 1339 430 1388 πικραὶ
453 1337 482 1376 δὲ
500 1335 723 1384 Καλλιμάχῳ
741 1336 952 1375 Δεκελειόθεν.
989 1338 1091 1373 Hinc
1114 1338 1220 1385 apud
1237 1339 1386 1387 Etymo-

97 1393 218 1440 logum
255 1394 359 1430 male
399 1394 583 1430 distracta
613 1391 869 1428 concinnavit
905 1394 952 1429 R.
976 1393 1129 1429 Bentlei.
1163 1392 1206 1428 in
1240 1393 1383 1429 Calbim.

96 1447 248 1495 Fragm.
273 1450 363 1493 234.
391 1450 604 1485 VALCK.
1406 1488 1408 1490 v

157 1503 216 1539 ¹8.
245 1502 402 1546 Δεκελέης
422 1498 646 1550 οἱπέχεσθαι)
675 1502 830 1538 Referri
854 1503 953 1538 solet
974 1502 1021 1538 ad
1043 1515 1197 1538 annum
1221 1504 1383 1550 Olymp.

93 1557 196 1593 XCI.
219 1557 252 1593 5.
271 1571 352 1606 quo
368 1558 484 1607 Agis,
499 1556 735 1594 Archidami
757 1559 794 1593 F.
807 1583 816 1601 ,
837 1558 1042 1594 Deceleam
1059 1557 1267 1606 occupavit
1281 1563 1319 1593 et
1338 1557 1381 1592 in

92 1611 319 1648 maximum
336 1611 647 1649 Atheniensium
664 1612 952 1648 detrimentum
970 1612 1136 1656 muniit,
1154 1612 1261 1660 apud
1285 1613 1384 1648 Thu-

90 1667 214 1716 cydid.
240 1669 325 1704 VH.
346 1682 406 1718 ¹5)-
426 1681 504 1704 non
530 1667 616 1703 sine
641 1666 813 1714 quadam
840 1667 1115 1715 inprudentia.
1144 1668 1272 1704 Aliud
1295 1680 1384 1716 pro-

94 1722 217 1765 fecto,
237 1721 426 1768 ἀπέχεσθαι
446 1719 622 1764 Δεκελέης,
645 1722 690 1757 ab
713 1735 755 1758 ea
773 1722 975 1766 abstinere;
996 1722 1106 1758 aliud
1119 1748 1128 1766 ‚
1149 1729 1381 1771 occupatam

92 1776 359 1813 munimentis
382 1785 420 1814 et
437 1776 633 1826 praesidio
651 1777 870 1822 instruere,
891 1778 1078 1825 belloque
1094 1777 1221 1813 sedem
1242 1779 1382 1826 legere.

95 1831 314 1880 Contigisse
349 1844 409 1869 res
441 1832 623 1875 videtur,
653 1843 756 1880 quae
781 1838 821 1868 et
846 1833 985 1880 Ampl.
1016 1833 1186 1869 Bouherii
1219 1833 1382 1881 opinio,

90 1886 191 1921 belli
213 1887 553 1935 Peloponnesiaci,
569 1886 729 1934 quando
756 1887 1024 1924 Archidamus
1042 1887 1217 1923 Atticam
1244 1888 1382 1924 incur·

91 1940 273 1977 sionibus
307 1943 492 1978 infestam
529 1941 694 1986 habuit,
740 1942 964 1990 principio:
1000 1943 1202 1993 Thucydid.
1233 1945 1278 1981 ΙΙ.
1319 1956 1379 1978 1o.

90 1996 220 2035 WES
231 1996 269 2033 S.

201 2049 590 2090 CARLXXIV.
614 2051 648 2087 6.
671 2050 986 2100 ἐκπίπτοντες)
1006 2053 1270 2100 1nprobatur,
1290 2066 1379 2090 cen-

89 2112 281 2155 seturque
300 2109 410 2144 Pavio
429 2110 649 2156 Reislfioque
673 2106 910 2150 ἐπιπίπτοντες,
942 2109 1170 2152 ἐσπίπτοντες,
1197 2110 1379 2151 ἐμπίπτον-

91 2178 162 2205 τες,
194 2162 242 2197 ad
264 2174 347 2198 rem
366 2164 648 2211 opportunius.
683 2161 827 2198 Eadem
851 2162 938 2198 illis
960 2163 1145 2198 voluntas
1164 2165 1377 2212 Scriptoris

90 2217 123 2253 si
151 2217 331 2261 sedisset,
357 2219 517 2255 abiisset
536 2231 597 2255 eas
621 2217 663 2252 in
691 2223 843 2263 partos:
868 2230 987 2253 suum
1016 2213 1185 2264 maluit,
1215 2221 1378 2267 utique,

89 2270 161 2306 etsi
182 2272 397 2308 diversiore
417 2273 573 2310 intuitu
589 2300 598 2318 a
620 2271 959 2308 accommodatum.
991 2274 1166 2310 WESS.
1197 2295 1247 2300 —
1277 2278 1377 2311 Tur·

89 2327 251 2363 baverat
267 2328 372 2363 viros
389 2328 518 2364 doctos
537 2329 769 2376 importuna
789 2328 960 2364 Gronovii
980 2327 1377 2378 interpunctio‚·post

85 2381 297 2424 ἐκπίπτοντες
326 2383 540 2421 incidentis
562 2380 781 2421 orationem
796 2384 813 2424 3'
833 2395 952 2431 quem
983 2390 1023 2420 et
1043 2396 1111 2432 ego
1130 2397 1220 2421 cum
1248 2389 1375 2422 W'ess.

82 2436 260 2485 aliisque
280 2437 501 2486 inprudens
526 2446 683 2477 secutus
710 2449 816 2474 sum.
856 2439 1114 2476 Commodius
1134 2440 1256 2485 olim,
1282 2441 1373 2476 inde
