1718 2919
280 269 377 309 AD
418 269 828 310 HERO-DOT.
868 270 985 312 VII.
1020 285 1082 311 io.
1119 285 1181 312 ιι.
1308 285 1384 324 277

77 374 351 423 cogebantur,
393 374 511 417 ὁμοίως
548 373 675 416 οἷμφοῖν
709 374 908 422 οἶκροὸἷσθοιι.
941 375 1161 413 VALCK.
1196 396 1246 403 --·
1297 378 1386 413 Non

71 425 212 476 {wapeo'v
232 445 281 471 τι,
305 428 367 464 sed
390 442 469 464 una
490 441 581 465 voce
596 431 722 477 παρέο
736 445 814 470 ντι,
838 429 971 466 dativo
996 443 1085 466 casu
1102 458 1111 473 ,
1140 430 1260 467 scribi
1277 432 1385 478 apud

85 484 188 520 Stob.
211 488 249 518 et
278 483 321 518 in
345 483 518 531 probatis
544 484 757 519 nonnullis
782 485 961 520 Herodoti
989 485 1215 530 codicibus,
1244 486 1387 521 monui

86 537 133 573 in
157 539 247 575 Var.
274 540 376 574 Lect.
398 538 467 574 ubi
490 550 592 586 quae
620 544 819 586 praeterea
846 539 1056 585 adnotavi,
1085 547 1123 576 et
1145 552 1247 589 quae
1265 553 1388 588 supra

70 585 139 628 'ad
167 594 253 629 VII.
281 607 324 644 9,
359 594 393 629 5.
420 593 609 641 adposui,
642 594 705 629 hic
734 591 813 629 sion
846 600 1035 642 repetam.
1080 595 1189 631 Licet
1218 596 1387 631 verbum

91 650 279 695 κατηγορεῖν
301 647 401 683 alibi
422 648 528 695 apud
545 650 734 685 Nostrum
758 660 850 684 cum
875 649 955 685 dat.
977 662 1068 685 casu
1091 649 1278 686 iunctum
1306 663 1386 686 non

72 695 370 747 meminerim,
404 708 536 739 tamen
569 703 687 738 facile
717 703 896 748 credam,
929 705 979 740 ab
1007 704 1135 752 ipsius
1164 717 1287 740 manu
1308 716 1388 741 esse

89 756 131 793 h.
159 757 187 794 l.
219 756 393 804 παρεόντι,
423 769 591 806 eamque
619 757 859 805 scripturam
887 771 909 794 a
943 759 1176 805 nonnullis,
1215 772 1313 807 quos
1344 771 1387 795 ea

87 811 332 856 offendisset,
349 812 530 849 librariis
547 812 591 848 in
606 810 810 861 παρεόντων,
826 814 876 849 ab
897 813 1045 850 aliisin
1071 813 1267 862 παρεόντος,
1288 813 1387 850 fuis-

89 878 128 903 se
149 872 359 903 mutatam.
388 866 434 905 S.

147 923 210 957 80.
239 924 276 962 ἢν
297 925 354 964 μὲν
380 943 398 950 -
414 942 431 949 -
451 916 699 969 οἷναβαίνῃ)
727 922 873 958 Rarius
892 922 998 958 illud
1025 923 1189 971 quidem
1212 923 1284 960 hoc
1302 935 1389 959 sen-

87 988 158 1020 su,
178 977 328 1012 mutari
354 981 484 1012 tamen
513 989 592 1011 non
623 976 827 1013 debuerat.
856 973 957 1027 [Pro
987 990 1030 1014 eo
1050 978 1156 1026 quod
1178 979 1216 1014 h.
1248 979 1275 1015 l.
1306 977 1389 1015 α’να-

87 1032 209 1071 Βκίνειν
234 1035 311 1075 est,
344 1031 444 1068 alias
465 1030 656 1070 οἶποβοοίνειν
677 1037 715 1066 et
734 1032 888 1071 ἐκβαίνειν
909 1033 1024 1079 ponit
1049 1030 1267 1083 Scriptor.]
1299 1034 1388 1069 Pro-

85 1084 197 1121 xima
218 1083 307 1135 [lin.
336 1087 399 1122 81.
418 1091 456 1121 et
478 1086 566 1131 83.]
591 1085 737 1121 formas
769 1086 983 1132 exhibent,
1016 1088 1154 1135 quales
1181 1090 1388 1125 Gramma„

85 1139 159 1176 tici
186 1139 377 1176 tribuunt
396 1139 543 1176 Atticis
560 1166 570 1184 7
597 1140 761 1176 Ionibus
781 1141 902 1176 etiam
929 1148 967 1178 et
985 1142 1248 1179 Doriensibus
1271 1156 1390 1179 usur-

83 1199 219 1243 patas,
245 1196 427 1243 κτεινέσθων
459 1200 498 1231 et
528 1193 743 1238 πασχόντων.
789 1196 936 1233 Prioris
968 1197 1140 1241 formae,
1165 1195 1386 1247 [passivae]

83 1250 211 1286 altera
242 1250 373 1286 multo
403 1249 540 1286 minus
565 1249 861 1297 frequentatae,
890 1253 1081 1299 praebent
1109 1253 1290 1300 exempla
1313 1254 1388 1290 De-

86 1304 307 1353 mosthenes,
327 1305 486 1353 αἱρείσθων
499 1331 509 1350 ‚
524 1317 562 1352 p.
580 1305 655 1341 608
669 1331 680 1349 ‚
702 1307 764 1341 88.
795 1306 973 1358 Philostr.
988 1306 1210 1349 πιστούσθων,
1234 1321 1273 1355 p.
1295 1320 1385 1357 229.

83 1357 361 1402 οἶναβεβλῆσθων,
394 1372 432 1407 p.
457 1360 547 1396 302.
575 1359 656 1395 alia
676 1359 796 1396 illinc
816 1361 938 1398 etiam
966 1361 1102 1411 attigit
1123 1364 1181 1398 Τι’.
1203 1365 1389 1399 Hernster-

82 1414 208 1451 husius
227 1414 276 1460 ad
294 1415 448 1451 Luciani
468 1414 664 1460 οἷπεῤῥίφθων
689 1427 774 1464 pag.
797 1416 888 1460 364.
926 1417 1051 1453 Paulo
1079 1423 1165 1464 post
1185 1415 1273 1466 [lin.
1297 1414 1386 1464 88.]

85 1467 155 1507 ὔπδ
176 1469 278 1506 κυνῶν
305 1485 339 1507 τε
365 1471 423 1506 καὶ
453 1468 575 1517 ὄρνίθων
605 1466 970 1518 διαφορεύμενον,
996 1471 1118 1514 dixit;
1150 1477 1195 1507 ut
1225 1473 1385 1508 Pausan.

82 1525 131 1561 ]Ι.
157 1537 195 1572 p.
232 1536 345 1573 192.‚
374 1522 503 1572 νεκρδν,
534 1520 762 1570 διαφορηθέντα
789 1523 857 1561 ύπδ
887 1527 950 1562 τῶν
980 1526 1015 1563 ἐκ
1039 1524 1221 1569 θαλάσσης
1249 1526 1386 1575 ὀρνίθων.

82 1579 149 1616 Ab
181 1577 321 1615 avibus
356 1577 575 1617 carnivoris
601 1579 795 1615 dilacerari
825 1579 978 1616 dicitur
1009 1585 1047 1616 et
1078 1577 1304 1628 διαφορηθῆναι
1340 1582 1384 1617 in

82 1634 277 1682 Aristoph.
296 1634 371 1670 Av.
391 1634 482 1670 538.
503 1638 541 1668 et
558 1645 612 1669 vs.
629 1632 791 1678 554.‘'Iv’
815 1633 884 1671 ὑπο
904 1633 1024 1671 τούτων
1046 1632 1249 1682 διαφορκθῶς
1271 1638 1316 1672 Τ.
1332 1638 1384 1672 Η.

86 1689 174 1735 [Ti.
209 1689 412 1725 Hemsterh.
439 1687 569 1724 nescio
602 1684 728 1738 ubis]
759 1688 810 1724 Ut
834 1689 878 1724 ab
910 1691 988 1726 istis
1020 1688 1203 1738 dfflerar?
1245 1692 1384 1728 Horat.

82 1743 206 1792 Epod.
226 1746 278 1780 V.
301 1757 365 1794 99.
391 1745 480 1779 Post
501 1745 679 1790 insepulta
705 1743 860 1779 membra
885 1744 1050 1793 different
1069 1747 1162 1793 lupi,
1191 1745 1238 1780 Et·
1259 1747 1386 1795 Esqui--v

81 1800 180 1836 linae
201 1800 322 1835 alites.
351 1800 500 1835 Plautus
519 1798 687 1834 Curcul.
702 1799 772 1834 IV.
801 1806 846 1844 ,4,
872 1811 936 1838 20.
954 1800 1032 1835 Iam
1055 1812 1121 1848 ego
1139 1797 1327 1846 tefaciam
1345 1809 1384 1838 ut

26 1875 30 1878 >
84 1853 144 1890 hic
157 1851 340 1900 formicae
352 1851 595 1900 frustillatim
621 1853 803 1901 differant.
838 1854 915 1891 VA
927 1856 1054 1890 LCK.

142 1910 206 1944 88.
236 1905 506 1955 διαφορεύμενον)
537 1907 686 1942 Dirum
705 1919 836 1944 omen.
866 1909 913 1944 In
936 1908 1223 1945 lamentatione
1242 1910 1382 1947 matris

82 1962 248 2011 Euryali
267 1964 400 1998 Poe'ta:
420 1964 501 1998 Heu
521 1967 621 1998 terra
645 1964 793 2011 ignota,
820 1977 873 1999 ca
886 1964 1024 2000 nibus
1040 1965 1130 2000 data
1150 1965 1292 2014 praeda
1308 1967 1384 2002 La-

84 2020 195 2064 tinis,
219 2017 499 2066 alitibusque
526 2018 638 2061 iaces,
664 2016 830 2054 Aeneid.
852 2020 920 2055 IX.
939 2019 1052 2064 485„
1074 2019 1143 2054 ubi
1164 2021 1276 2056 Dela
1298 2020 1384 2070 Cer-

84 2075 134 2110 da
152 2073 273 2109 docte.
316 2070 584 2119 Διαφθορεύμενον
608 2073 697 2109 Aldi
724 2072 937 2120 dispunxit
959 2075 1011 2110 H.
1034 2074 1156 2123 steph.
1179 2074 1223 2109 in
1251 2076 1384 2111 Prole·

83 2140 187 2177 gom.
218 2140 257 2175 p.
277 2128 368 2173 737.
394 2126 626 2174 optimeque
652 2127 882 2174 explanavit
902 2128 1143 2173 Horatiano,
1176 2130 1265 2166 Post
1292 2132 1384 2167 inse-

80 2185 189 2231 pulta
212 2182 366 2219 membra
390 2182 554 2229 different
575 2184 661 2231 lupi.
690 2183 872 2221 WESS.

197 2233 340 2275 CAP.
357 2233 444 2278 Rs.
466 2251 486 2286 9
506 2250 600 2285 seqq.
634 2237 670 2274 ἐκ
694 2240 826 2285 Δαρείου
853 2239 914 2275 τοὶ)ι
934 2236 1141 2280 ’Υστοίο-πεος
1160 2234 1261 2288 etc.)
1285 2240 1383 2275 Fru-

84 2296 166 2327 stra
187 2291 249 2327 Cl.
265 2291 458 2327 Salmasius
478 2291 542 2339 (ad
563 2293 676 2328 Solin.
695 2304 780 2342 pag.
808 2290 914 2340 835.)
934 2292 1154 2328 stemmatis
1173 2292 1379 2341 duplicem

83 2345 267 2382 ordinem
290 2345 458 2381 describi
484 2346 741 2392 existimans,
778 2343 878 2389 μηδὲ
907 2348 964 2385 τοῦ
992 2346 1119 2395 Κύρου,
1147 2349 1208 2386 τοῦ
1233 2346 1383 2391 Καμβύ-

82 2416 145 2438 σεω
159 2426 168 2444 ,
197 2404 281 2447 post
308 2413 428 2448 pauca
450 2401 639 2444 addebat3
671 2414 752 2450 quo
774 2402 874 2437 facto
895 2413 1037 2449 poenas
1057 2403 1239 2440 Gronovio
1259 2402 1380 2438 dedit.

79 2455 274 2492 Eumdem
295 2454 404 2490 enim
423 2456 576 2505 generis
603 2463 806 2493 auctorem
840 2458 968 2504 Cyrus
987 2462 1026 2493 et
1048 2457 1197 2493 Darius
1216 2468 1382 2506 agnove-

77 2515 178 2547 runt
204 2510 509 2548 Achaemenem.
539 2513 649 2549 Avus
669 2511 784 2549 Darii
804 2512 990 2550 Arsames
1010 2522 1057 2548 ex
1073 2510 1381 2549 Achaemenidis
