<?xml version="1.0" encoding="UTF-8"?>
<!DOCTYPE html PUBLIC "-//W3C//DTD XHTML 1.0 Transitional//EN"
    "http://www.w3.org/TR/xhtml1/DTD/xhtml1-transitional.dtd">
<html xmlns="http://www.w3.org/1999/xhtml" xml:lang="en" lang="en">
 <head>
  <title>
</title>
<meta http-equiv="Content-Type" content="text/html;charset=utf-8" />
  <meta name='ocr-system' content='tesseract 3.04.00' />
  <meta name='ocr-capabilities' content='ocr_page ocr_carea ocr_par ocr_line ocrx_word'/>
</head>
<body>
  <div class='ocr_page' id='page_1' title='image "./musaesivehistori06hero_0535.png"; bbox 0 0 1718 2919; ppageno 0'>
   <div class='ocr_carea' id='block_1_1' title="bbox 277 212 1409 266">
    <p class='ocr_par' dir='ltr' id='par_1_1' title="bbox 277 212 1409 266">
     <span class='ocr_line' id='line_1_1' title="bbox 277 212 1409 266; baseline 0.003 -13"><span class='ocrx_word' id='word_1_1' title='bbox 277 214 372 253; x_wconf 84' lang='lat' dir='ltr'><strong>AD</strong></span> <span class='ocrx_word' id='word_1_2' title='bbox 414 212 814 253; x_wconf 87' lang='lat' dir='ltr'><strong>HERODOT.</strong></span> <span class='ocrx_word' id='word_1_3' title='bbox 857 214 1006 255; x_wconf 85' lang='lat' dir='ltr'>v111.</span> <span class='ocrx_word' id='word_1_4' title='bbox 1047 215 1195 266; x_wconf 83' lang='lat'><strong>26.27.</strong></span> <span class='ocrx_word' id='word_1_5' title='bbox 1335 228 1409 258; x_wconf 71' lang='grc' dir='ltr'><strong>ιω</strong></span> 
     </span>
    </p>
   </div>
   <div class='ocr_carea' id='block_1_2' title="bbox 91 317 1415 2438">
    <p class='ocr_par' dir='ltr' id='par_1_2' title="bbox 91 317 1415 2002">
     <span class='ocr_line' id='line_1_2' title="bbox 128 317 1410 368; baseline 0.003 -15"><span class='ocrx_word' id='word_1_6' title='bbox 128 329 250 367; x_wconf 76' lang='lat' dir='ltr'><strong>quam</strong></span> <span class='ocrx_word' id='word_1_7' title='bbox 278 317 347 354; x_wconf 87' lang='lat' dir='ltr'><strong>dat</strong></span> <span class='ocrx_word' id='word_1_8' title='bbox 371 329 506 367; x_wconf 87' lang='lat' dir='ltr'><strong>margo</strong></span> <span class='ocrx_word' id='word_1_9' title='bbox 529 318 675 367; x_wconf 57' lang='lat' dir='ltr'><strong>steph„</strong></span> <span class='ocrx_word' id='word_1_10' title='bbox 708 318 784 368; x_wconf 85' lang='lat' dir='ltr'><strong>legi</strong></span> <span class='ocrx_word' id='word_1_11' title='bbox 817 318 959 354; x_wconf 85' lang='lat' dir='ltr'><strong>malim</strong></span> <span class='ocrx_word' id='word_1_12' title='bbox 990 318 1029 362; x_wconf 79' lang='grc' dir='ltr'><strong>ὦς</strong></span> <span class='ocrx_word' id='word_1_13' title='bbox 1046 318 1229 363; x_wconf 76' lang='grc' dir='ltr'>Ὀλύμπια</span> <span class='ocrx_word' id='word_1_14' title='bbox 1253 318 1410 362; x_wconf 68' lang='grc' dir='ltr'><strong>ἄγοιεν.</strong></span> 
     </span>
     <span class='ocr_line' id='line_1_3' title="bbox 115 372 1411 422; baseline 0.001 -13"><span class='ocrx_word' id='word_1_15' title='bbox 115 373 353 422; x_wconf 57' lang='grc' dir='ltr'><strong>»νυΙςειῖυπι</strong></span> <span class='ocrx_word' id='word_1_16' title='bbox 381 372 413 408; x_wconf 90' lang='lat' dir='ltr'><strong>si</strong></span> <span class='ocrx_word' id='word_1_17' title='bbox 443 373 597 418; x_wconf 84' lang='lat' dir='ltr'>forsan,</span> <span class='ocrx_word' id='word_1_18' title='bbox 619 378 664 408; x_wconf 89' lang='lat' dir='ltr'><strong>ut</strong></span> <span class='ocrx_word' id='word_1_19' title='bbox 687 373 751 409; x_wconf 83' lang='lat' dir='ltr'><strong>hic</strong></span> <span class='ocrx_word' id='word_1_20' title='bbox 766 400 775 418; x_wconf 67' lang='lat'><em>9</em></span> <span class='ocrx_word' id='word_1_21' title='bbox 802 374 999 422; x_wconf 87' lang='lat' dir='ltr'><strong>legeretur</strong></span> <span class='ocrx_word' id='word_1_22' title='bbox 1021 373 1147 418; x_wconf 78' lang='lat' dir='ltr'><strong>alibi,</strong></span> <span class='ocrx_word' id='word_1_23' title='bbox 1177 387 1257 410; x_wconf 88' lang='lat' dir='ltr'><strong>uno</strong></span> <span class='ocrx_word' id='word_1_24' title='bbox 1280 379 1411 410; x_wconf 88' lang='lat' dir='ltr'><strong>tamen</strong></span> 
     </span>
     <span class='ocr_line' id='line_1_4' title="bbox 127 427 1414 474; baseline 0.002 -12"><span class='ocrx_word' id='word_1_25' title='bbox 127 427 302 463; x_wconf 89' lang='lat' dir='ltr'><strong>alterove</strong></span> <span class='ocrx_word' id='word_1_26' title='bbox 328 427 509 474; x_wconf 80' lang='lat' dir='ltr'><strong>exemplo</strong></span> <span class='ocrx_word' id='word_1_27' title='bbox 535 427 664 463; x_wconf 87' lang='lat' dir='ltr'><strong>nolim</strong></span> <span class='ocrx_word' id='word_1_28' title='bbox 690 428 804 464; x_wconf 86' lang='lat' dir='ltr'><strong>abuti</strong></span> <span class='ocrx_word' id='word_1_29' title='bbox 831 428 1015 465; x_wconf 86' lang='lat' dir='ltr'><strong>adversus</strong></span> <span class='ocrx_word' id='word_1_30' title='bbox 1043 434 1218 465; x_wconf 87' lang='lat' dir='ltr'><strong>centena.</strong></span> <span class='ocrx_word' id='word_1_31' title='bbox 1255 431 1299 465; x_wconf 92' lang='lat' dir='ltr'><strong>In</strong></span> <span class='ocrx_word' id='word_1_32' title='bbox 1326 428 1414 465; x_wconf 88' lang='lat' dir='ltr'><strong>istis</strong></span> 
     </span>
     <span class='ocr_line' id='line_1_5' title="bbox 130 478 1413 532; baseline 0.002 -15"><span class='ocrx_word' id='word_1_33' title='bbox 130 482 253 529; x_wconf 80' lang='lat' dir='ltr'><strong>paulo</strong></span> <span class='ocrx_word' id='word_1_34' title='bbox 272 486 375 529; x_wconf 75' lang='lat' dir='ltr'><strong>post,</strong></span> <span class='ocrx_word' id='word_1_35' title='bbox 395 480 491 530; x_wconf 80' lang='lat' dir='ltr'><strong>[lin.</strong></span> <span class='ocrx_word' id='word_1_36' title='bbox 506 495 526 530; x_wconf 77' lang='lat'>9</span> <span class='ocrx_word' id='word_1_37' title='bbox 544 478 633 532; x_wconf 59' lang='lat' dir='ltr'><strong>seq]</strong></span> <span class='ocrx_word' id='word_1_38' title='bbox 655 483 804 530; x_wconf 91' lang='lat' dir='ltr'><strong>quibus</strong></span> <span class='ocrx_word' id='word_1_39' title='bbox 818 482 987 519; x_wconf 83' lang='lat' dir='ltr'>Arcades</span> <span class='ocrx_word' id='word_1_40' title='bbox 1006 483 1126 530; x_wconf 90' lang='lat' dir='ltr'><strong>quale</strong></span> <span class='ocrx_word' id='word_1_41' title='bbox 1138 485 1336 531; x_wconf 83' lang='lat' dir='ltr'><strong>praemium</strong></span> <span class='ocrx_word' id='word_1_42' title='bbox 1354 495 1413 520; x_wconf 89' lang='lat' dir='ltr'><strong>es-</strong></span> 
     </span>
     <span class='ocr_line' id='line_1_6' title="bbox 129 535 1412 587; baseline 0.002 -15"><span class='ocrx_word' id='word_1_43' title='bbox 129 542 187 572; x_wconf 88' lang='lat' dir='ltr'><strong>set</strong></span> <span class='ocrx_word' id='word_1_44' title='bbox 220 538 469 587; x_wconf 57' lang='lat' dir='ltr'><strong>Olympiacam</strong></span> <span class='ocrx_word' id='word_1_45' title='bbox 498 536 620 573; x_wconf 88' lang='lat' dir='ltr'><strong>Persis</strong></span> <span class='ocrx_word' id='word_1_46' title='bbox 645 536 985 586; x_wconf 82' lang='lat' dir='ltr'><strong>interrogantibus</strong></span> <span class='ocrx_word' id='word_1_47' title='bbox 1014 535 1113 578; x_wconf 76' lang='grc' dir='ltr'>εἷπον,</span> <span class='ocrx_word' id='word_1_48' title='bbox 1142 537 1201 580; x_wconf 65' lang='grc' dir='ltr'><strong>τῆς</strong></span> <span class='ocrx_word' id='word_1_49' title='bbox 1221 537 1329 580; x_wconf 78' lang='grc' dir='ltr'>ἐλαίης</span> <span class='ocrx_word' id='word_1_50' title='bbox 1355 536 1412 575; x_wconf 78' lang='grc' dir='ltr'><strong>τόν</strong></span> 
     </span>
     <span class='ocr_line' id='line_1_7' title="bbox 130 587 1413 640; baseline 0.001 -13"><span class='ocrx_word' id='word_1_51' title='bbox 130 587 347 631; x_wconf 64' lang='grc' dir='ltr'>διδόμενον</span> <span class='ocrx_word' id='word_1_52' title='bbox 376 589 557 633; x_wconf 71' lang='grc' dir='ltr'>στέφανον,</span> <span class='ocrx_word' id='word_1_53' title='bbox 593 592 677 627; x_wconf 79' lang='lat' dir='ltr'><strong>leve</strong></span> <span class='ocrx_word' id='word_1_54' title='bbox 707 592 837 628; x_wconf 80' lang='lat' dir='ltr'>forsan</span> <span class='ocrx_word' id='word_1_55' title='bbox 865 592 1014 629; x_wconf 80' lang='lat' dir='ltr'><strong>vitium</strong></span> <span class='ocrx_word' id='word_1_56' title='bbox 1044 592 1163 636; x_wconf 86' lang='lat' dir='ltr'><strong>latet,</strong></span> <span class='ocrx_word' id='word_1_57' title='bbox 1195 591 1302 640; x_wconf 85' lang='lat' dir='ltr'><strong>quod</strong></span> <span class='ocrx_word' id='word_1_58' title='bbox 1332 603 1413 628; x_wconf 79' lang='lat' dir='ltr'><strong>una</strong></span> 
     </span>
     <span class='ocr_line' id='line_1_8' title="bbox 127 645 1414 694; baseline 0.002 -14"><span class='ocrx_word' id='word_1_59' title='bbox 127 645 280 681; x_wconf 88' lang='lat' dir='ltr'><strong>lineola</strong></span> <span class='ocrx_word' id='word_1_60' title='bbox 306 646 390 681; x_wconf 90' lang='lat' dir='ltr'><strong>loco</strong></span> <span class='ocrx_word' id='word_1_61' title='bbox 410 651 515 680; x_wconf 90' lang='lat' dir='ltr'><strong>mota</strong></span> <span class='ocrx_word' id='word_1_62' title='bbox 536 645 653 682; x_wconf 84' lang='lat' dir='ltr'><strong>facile</strong></span> <span class='ocrx_word' id='word_1_63' title='bbox 676 646 764 682; x_wconf 86' lang='lat' dir='ltr'><strong>tolli</strong></span> <span class='ocrx_word' id='word_1_64' title='bbox 786 651 932 694; x_wconf 82' lang='lat' dir='ltr'><strong>posset,</strong></span> <span class='ocrx_word' id='word_1_65' title='bbox 955 646 986 682; x_wconf 89' lang='lat' dir='ltr'><strong>si</strong></span> <span class='ocrx_word' id='word_1_66' title='bbox 1008 657 1150 693; x_wconf 85' lang='lat' dir='ltr'><strong>nempe</strong></span> <span class='ocrx_word' id='word_1_67' title='bbox 1171 646 1414 682; x_wconf 81' lang='lat' dir='ltr'><strong>scriberetur</strong></span> 
     </span>
     <span class='ocr_line' id='line_1_9' title="bbox 128 696 1414 746; baseline -0.001 -9"><span class='ocrx_word' id='word_1_68' title='bbox 128 701 188 741; x_wconf 64' lang='grc' dir='ltr'><strong>τῆς</strong></span> <span class='ocrx_word' id='word_1_69' title='bbox 210 700 319 742; x_wconf 81' lang='grc' dir='ltr'>ἐλαίης</span> <span class='ocrx_word' id='word_1_70' title='bbox 337 698 392 736; x_wconf 67' lang='grc' dir='ltr'><strong>τόν</strong></span> <span class='ocrx_word' id='word_1_71' title='bbox 413 696 613 746; x_wconf 66' lang='grc' dir='ltr'>ᾀδόμενον</span> <span class='ocrx_word' id='word_1_72' title='bbox 631 701 808 744; x_wconf 76' lang='grc' dir='ltr'>στέφανον,</span> <span class='ocrx_word' id='word_1_73' title='bbox 828 715 871 737; x_wconf 76' lang='lat' dir='ltr'><strong>esc</strong></span> <span class='ocrx_word' id='word_1_74' title='bbox 887 703 1044 739; x_wconf 86' lang='lat' dir='ltr'><strong>oleastro</strong></span> <span class='ocrx_word' id='word_1_75' title='bbox 1063 714 1233 737; x_wconf 83' lang='lat' dir='ltr'><strong>coronam</strong></span> <span class='ocrx_word' id='word_1_76' title='bbox 1256 706 1301 737; x_wconf 86' lang='lat' dir='ltr'><strong>ut</strong></span> <span class='ocrx_word' id='word_1_77' title='bbox 1319 700 1414 736; x_wconf 90' lang='lat' dir='ltr'><strong>sim-</strong></span> 
     </span>
     <span class='ocr_line' id='line_1_10' title="bbox 125 753 1415 803; baseline 0.002 -15"><span class='ocrx_word' id='word_1_78' title='bbox 125 753 289 802; x_wconf 83' lang='lat' dir='ltr'><strong>pliciter</strong></span> <span class='ocrx_word' id='word_1_79' title='bbox 304 753 483 789; x_wconf 85' lang='lat' dir='ltr'><strong>dixerint</strong></span> <span class='ocrx_word' id='word_1_80' title='bbox 497 754 680 797; x_wconf 83' lang='lat' dir='ltr'><strong>Arcades3</strong></span> <span class='ocrx_word' id='word_1_81' title='bbox 703 768 878 803; x_wconf 88' lang='lat' dir='ltr'><strong>quorum</strong></span> <span class='ocrx_word' id='word_1_82' title='bbox 894 755 1024 792; x_wconf 90' lang='lat' dir='ltr'><strong>verbis</strong></span> <span class='ocrx_word' id='word_1_83' title='bbox 1039 757 1190 800; x_wconf 84' lang='lat' dir='ltr'><strong>Noster,</strong></span> <span class='ocrx_word' id='word_1_84' title='bbox 1206 755 1415 803; x_wconf 84' lang='lat' dir='ltr'><strong>Olympia-</strong></span> 
     </span>
     <span class='ocr_line' id='line_1_11' title="bbox 124 807 1415 858; baseline 0.001 -14"><span class='ocrx_word' id='word_1_85' title='bbox 124 819 192 845; x_wconf 86' lang='lat' dir='ltr'><strong>cae</strong></span> <span class='ocrx_word' id='word_1_86' title='bbox 212 807 343 844; x_wconf 91' lang='lat' dir='ltr'><strong>laudis</strong></span> <span class='ocrx_word' id='word_1_87' title='bbox 359 808 600 845; x_wconf 85' lang='lat' dir='ltr'><strong>admirator.</strong></span> <span class='ocrx_word' id='word_1_88' title='bbox 621 809 868 846; x_wconf 86' lang='lat' dir='ltr'><strong>interiecerit</strong></span> <span class='ocrx_word' id='word_1_89' title='bbox 884 808 941 848; x_wconf 70' lang='grc' dir='ltr'><strong>τόν</strong></span> <span class='ocrx_word' id='word_1_90' title='bbox 965 807 1142 858; x_wconf 67' lang='grc' dir='ltr'>ᾀδόμενον,</span> <span class='ocrx_word' id='word_1_91' title='bbox 1166 811 1266 846; x_wconf 85' lang='lat' dir='ltr'><strong>illam</strong></span> <span class='ocrx_word' id='word_1_92' title='bbox 1284 811 1415 846; x_wconf 68' lang='lat' dir='ltr'><strong>Poeta-</strong></span> 
     </span>
     <span class='ocr_line' id='line_1_12' title="bbox 125 863 1414 913; baseline 0.001 -14"><span class='ocrx_word' id='word_1_93' title='bbox 125 875 220 899; x_wconf 87' lang='lat' dir='ltr'><strong>rum</strong></span> <span class='ocrx_word' id='word_1_94' title='bbox 233 889 244 907; x_wconf 79' lang='lat'>,</span> <span class='ocrx_word' id='word_1_95' title='bbox 262 864 414 900; x_wconf 81' lang='lat' dir='ltr'><strong>Pindari</strong></span> <span class='ocrx_word' id='word_1_96' title='bbox 434 863 664 911; x_wconf 83' lang='lat' dir='ltr'><strong>praesertim</strong></span> <span class='ocrx_word' id='word_1_97' title='bbox 677 891 687 908; x_wconf 84' lang='lat'>‚</span> <span class='ocrx_word' id='word_1_98' title='bbox 710 863 959 901; x_wconf 83' lang='lat' dir='ltr'><strong>carminibus</strong></span> <span class='ocrx_word' id='word_1_99' title='bbox 975 866 1218 905; x_wconf 66' lang='lat' dir='ltr'><strong>decantatam,</strong></span> <span class='ocrx_word' id='word_1_100' title='bbox 1255 864 1414 913; x_wconf 83' lang='lat' dir='ltr'><strong>Quibus</strong></span> 
     </span>
     <span class='ocr_line' id='line_1_13' title="bbox 123 917 1412 963; baseline 0.002 -10"><span class='ocrx_word' id='word_1_101' title='bbox 123 917 200 953; x_wconf 78' lang='lat' dir='ltr'><strong>hoc</strong></span> <span class='ocrx_word' id='word_1_102' title='bbox 232 918 333 954; x_wconf 87' lang='lat' dir='ltr'><strong>forte</strong></span> <span class='ocrx_word' id='word_1_103' title='bbox 355 917 561 954; x_wconf 85' lang='lat' dir='ltr'><strong>videbitur</strong></span> <span class='ocrx_word' id='word_1_104' title='bbox 588 932 668 954; x_wconf 91' lang='lat' dir='ltr'><strong>non</strong></span> <span class='ocrx_word' id='word_1_105' title='bbox 691 919 975 963; x_wconf 82' lang='lat' dir='ltr'><strong>necessarium,</strong></span> <span class='ocrx_word' id='word_1_106' title='bbox 1013 919 1250 955; x_wconf 84' lang='lat' dir='ltr'><strong>fatebuntur</strong></span> <span class='ocrx_word' id='word_1_107' title='bbox 1280 925 1412 955; x_wconf 88' lang='lat' dir='ltr'><strong>tamen</strong></span> 
     </span>
     <span class='ocr_line' id='line_1_14' title="bbox 125 971 1410 1021; baseline 0.003 -15"><span class='ocrx_word' id='word_1_108' title='bbox 125 972 190 1008; x_wconf 81' lang='lat' dir='ltr'><strong>llis</strong></span> <span class='ocrx_word' id='word_1_109' title='bbox 204 973 407 1009; x_wconf 82' lang='lat' dir='ltr'><strong>Pausaniae</strong></span> <span class='ocrx_word' id='word_1_110' title='bbox 425 975 488 1009; x_wconf 89' lang='grc' dir='ltr'><strong>Π-Ῑ.</strong></span> <span class='ocrx_word' id='word_1_111' title='bbox 508 986 547 1021; x_wconf 83' lang='grc' dir='ltr'><strong>Ρ.</strong></span> <span class='ocrx_word' id='word_1_112' title='bbox 562 986 607 1020; x_wconf 83' lang='lat'><strong>27</strong></span> <span class='ocrx_word' id='word_1_113' title='bbox 618 975 652 1009; x_wconf 87' lang='grc'><strong>8.</strong></span> <span class='ocrx_word' id='word_1_114' title='bbox 663 1000 672 1018; x_wconf 85' lang='lat'>‚</span> <span class='ocrx_word' id='word_1_115' title='bbox 692 972 850 1020; x_wconf 67' lang='grc' dir='ltr'><strong>ἄρχονται</strong></span> <span class='ocrx_word' id='word_1_116' title='bbox 870 976 929 1017; x_wconf 76' lang='grc' dir='ltr'><strong>μὲν</strong></span> <span class='ocrx_word' id='word_1_117' title='bbox 948 972 1022 1010; x_wconf 58' lang='lat' dir='ltr'><strong>dno*</strong></span> <span class='ocrx_word' id='word_1_118' title='bbox 1036 974 1189 1016; x_wconf 75' lang='grc' dir='ltr'>Τηλέφου</span> <span class='ocrx_word' id='word_1_119' title='bbox 1204 974 1268 1010; x_wconf 71' lang='grc' dir='ltr'><strong>τῶν</strong></span> <span class='ocrx_word' id='word_1_120' title='bbox 1284 971 1410 1016; x_wconf 63' lang='grc' dir='ltr'>ὕμνων,</span> 
     </span>
     <span class='ocr_line' id='line_1_15' title="bbox 127 1023 1414 1077; baseline -0.001 -13"><span class='ocrx_word' id='word_1_121' title='bbox 127 1023 333 1074; x_wconf 57' lang='grc' dir='ltr'><strong>προ-διδοῦσι</strong></span> <span class='ocrx_word' id='word_1_122' title='bbox 360 1025 390 1064; x_wconf 73' lang='grc' dir='ltr'><strong>δὲ</strong></span> <span class='ocrx_word' id='word_1_123' title='bbox 416 1024 502 1064; x_wconf 72' lang='grc' dir='ltr'>οὐδὲν</span> <span class='ocrx_word' id='word_1_124' title='bbox 533 1028 561 1070; x_wconf 83' lang='grc' dir='ltr'><strong>ἐς</strong></span> <span class='ocrx_word' id='word_1_125' title='bbox 588 1027 645 1065; x_wconf 73' lang='grc' dir='ltr'><strong>τᾶν</strong></span> <span class='ocrx_word' id='word_1_126' title='bbox 672 1026 880 1076; x_wconf 68' lang='grc' dir='ltr'>Εὐρύπυλον,</span> <span class='ocrx_word' id='word_1_127' title='bbox 914 1027 1080 1064; x_wconf 90' lang='lat' dir='ltr'><strong>omnino</strong></span> <span class='ocrx_word' id='word_1_128' title='bbox 1109 1027 1414 1077; x_wconf 62' lang='lat' dir='ltr'><strong>corrigendum‘,</strong></span> 
     </span>
     <span class='ocr_line' id='line_1_16' title="bbox 127 1078 1412 1131; baseline 0 -13"><span class='ocrx_word' id='word_1_129' title='bbox 127 1078 326 1129; x_wconf 66' lang='grc' dir='ltr'><strong>προσᾴδουφι</strong></span> <span class='ocrx_word' id='word_1_130' title='bbox 344 1079 375 1118; x_wconf 74' lang='grc' dir='ltr'><strong>δὲ</strong></span> <span class='ocrx_word' id='word_1_131' title='bbox 396 1079 492 1118; x_wconf 65' lang='grc' dir='ltr'><strong>οὐδέν.</strong></span> <span class='ocrx_word' id='word_1_132' title='bbox 521 1083 734 1119; x_wconf 84' lang='lat' dir='ltr'>VALCK.</span> <span class='ocrx_word' id='word_1_133' title='bbox 766 1103 817 1109; x_wconf 91' lang='grc'>-</span> <span class='ocrx_word' id='word_1_134' title='bbox 855 1082 958 1119; x_wconf 92' lang='lat' dir='ltr'><strong>Mihi</strong></span> <span class='ocrx_word' id='word_1_135' title='bbox 988 1081 1151 1130; x_wconf 88' lang='lat' dir='ltr'><strong>quidem</strong></span> <span class='ocrx_word' id='word_1_136' title='bbox 1185 1079 1264 1131; x_wconf 79' lang='lat' dir='ltr'><strong>(ut</strong></span> <span class='ocrx_word' id='word_1_137' title='bbox 1281 1082 1412 1119; x_wconf 86' lang='lat' dir='ltr'><strong>dicam</strong></span> 
     </span>
     <span class='ocr_line' id='line_1_17' title="bbox 126 1133 1414 1185; baseline 0.002 -14"><span class='ocrx_word' id='word_1_138' title='bbox 126 1135 234 1183; x_wconf 89' lang='lat' dir='ltr'><strong>quod</strong></span> <span class='ocrx_word' id='word_1_139' title='bbox 257 1133 407 1183; x_wconf 87' lang='lat' dir='ltr'><strong>sentio)</strong></span> <span class='ocrx_word' id='word_1_140' title='bbox 434 1136 580 1185; x_wconf 84' lang='lat' dir='ltr'><strong>frigide</strong></span> <span class='ocrx_word' id='word_1_141' title='bbox 606 1142 762 1184; x_wconf 85' lang='lat' dir='ltr'><strong>praeter</strong></span> <span class='ocrx_word' id='word_1_142' title='bbox 784 1148 935 1173; x_wconf 88' lang='lat' dir='ltr'><strong>morem</strong></span> <span class='ocrx_word' id='word_1_143' title='bbox 956 1136 1140 1172; x_wconf 81' lang='lat' dir='ltr'><strong>dicturus</strong></span> <span class='ocrx_word' id='word_1_144' title='bbox 1159 1136 1279 1173; x_wconf 84' lang='lat' dir='ltr'><strong>fuisse</strong></span> <span class='ocrx_word' id='word_1_145' title='bbox 1295 1139 1414 1174; x_wconf 79' lang='lat' dir='ltr'><strong>Hero-</strong></span> 
     </span>
     <span class='ocr_line' id='line_1_18' title="bbox 122 1188 1413 1240; baseline 0.002 -15"><span class='ocrx_word' id='word_1_146' title='bbox 122 1191 231 1226; x_wconf 80' lang='lat' dir='ltr'><strong>dotus</strong></span> <span class='ocrx_word' id='word_1_147' title='bbox 246 1189 408 1226; x_wconf 83' lang='lat' dir='ltr'><strong>videtur</strong></span> <span class='ocrx_word' id='word_1_148' title='bbox 421 1217 430 1234; x_wconf 83' lang='lat'>,</span> <span class='ocrx_word' id='word_1_149' title='bbox 449 1190 481 1226; x_wconf 87' lang='lat' dir='ltr'><strong>si</strong></span> <span class='ocrx_word' id='word_1_150' title='bbox 502 1188 656 1237; x_wconf 67' lang='grc' dir='ltr'>ᾀδόμενον</span> <span class='ocrx_word' id='word_1_151' title='bbox 680 1191 745 1227; x_wconf 76' lang='lat' dir='ltr'><strong>hic</strong></span> <span class='ocrx_word' id='word_1_152' title='bbox 766 1191 993 1239; x_wconf 86' lang='lat' dir='ltr'><strong>scripsisset.</strong></span> <span class='ocrx_word' id='word_1_153' title='bbox 1029 1193 1107 1240; x_wconf 86' lang='lat' dir='ltr'><strong>Ego</strong></span> <span class='ocrx_word' id='word_1_154' title='bbox 1125 1202 1216 1228; x_wconf 89' lang='lat' dir='ltr'><strong>vero</strong></span> <span class='ocrx_word' id='word_1_155' title='bbox 1239 1191 1283 1227; x_wconf 90' lang='lat' dir='ltr'><strong>in</strong></span> <span class='ocrx_word' id='word_1_156' title='bbox 1304 1192 1413 1228; x_wconf 89' lang='lat' dir='ltr'><strong>hunc</strong></span> 
     </span>
     <span class='ocr_line' id='line_1_19' title="bbox 124 1242 1414 1291; baseline 0.002 -10"><span class='ocrx_word' id='word_1_157' title='bbox 124 1243 291 1281; x_wconf 83' lang='lat' dir='ltr'><strong>modum</strong></span> <span class='ocrx_word' id='word_1_158' title='bbox 307 1244 371 1279; x_wconf 87' lang='lat' dir='ltr'><strong>edi</strong></span> <span class='ocrx_word' id='word_1_159' title='bbox 391 1257 554 1290; x_wconf 81' lang='lat' dir='ltr'><strong>curans,</strong></span> <span class='ocrx_word' id='word_1_160' title='bbox 575 1246 601 1282; x_wconf 85' lang='grc' dir='ltr'><strong>οἱ</strong></span> <span class='ocrx_word' id='word_1_161' title='bbox 620 1242 646 1282; x_wconf 69' lang='grc' dir='ltr'><strong>δ’</strong></span> <span class='ocrx_word' id='word_1_162' title='bbox 662 1244 770 1287; x_wconf 80' lang='grc' dir='ltr'>εἷπον,</span> <span class='ocrx_word' id='word_1_163' title='bbox 796 1247 887 1291; x_wconf 64' lang='grc' dir='ltr'><strong>..τῆς</strong></span> <span class='ocrx_word' id='word_1_164' title='bbox 905 1246 1013 1287; x_wconf 82' lang='grc' dir='ltr'>ἐλαίης</span> <span class='ocrx_word' id='word_1_165' title='bbox 1033 1245 1090 1283; x_wconf 73' lang='grc' dir='ltr'><strong>τόν</strong></span> <span class='ocrx_word' id='word_1_166' title='bbox 1110 1243 1268 1289; x_wconf 67' lang='grc' dir='ltr'>διδόμενον</span> <span class='ocrx_word' id='word_1_167' title='bbox 1287 1247 1414 1289; x_wconf 74' lang='grc' dir='ltr'>στέφα-</span> 
     </span>
     <span class='ocr_line' id='line_1_20' title="bbox 124 1299 1414 1348; baseline 0 -12"><span class='ocrx_word' id='word_1_168' title='bbox 124 1299 227 1342; x_wconf 83' lang='grc' dir='ltr'>νον,“</span> <span class='ocrx_word' id='word_1_169' title='bbox 250 1300 301 1335; x_wconf 91' lang='lat' dir='ltr'><strong>oh</strong></span> <span class='ocrx_word' id='word_1_170' title='bbox 315 1300 448 1336; x_wconf 91' lang='lat' dir='ltr'><strong>oculos</strong></span> <span class='ocrx_word' id='word_1_171' title='bbox 466 1300 681 1336; x_wconf 81' lang='lat' dir='ltr'><strong>habueram</strong></span> <span class='ocrx_word' id='word_1_172' title='bbox 698 1300 953 1348; x_wconf 87' lang='lat' dir='ltr'><strong>superiorum</strong></span> <span class='ocrx_word' id='word_1_173' title='bbox 974 1299 1199 1336; x_wconf 89' lang='lat' dir='ltr'><strong>editionum</strong></span> <span class='ocrx_word' id='word_1_174' title='bbox 1219 1302 1414 1348; x_wconf 85' lang='lat' dir='ltr'><strong>exempla,</strong></span> 
     </span>
     <span class='ocr_line' id='line_1_21' title="bbox 118 1352 1413 1403; baseline 0.002 -15"><span class='ocrx_word' id='word_1_175' title='bbox 118 1353 170 1400; x_wconf 22' lang='lat' dir='ltr'><strong>:in</strong></span> <span class='ocrx_word' id='word_1_176' title='bbox 189 1354 340 1402; x_wconf 90' lang='lat' dir='ltr'><strong>quibus</strong></span> <span class='ocrx_word' id='word_1_177' title='bbox 358 1360 442 1401; x_wconf 88' lang='lat' dir='ltr'><strong>post</strong></span> <span class='ocrx_word' id='word_1_178' title='bbox 457 1352 542 1391; x_wconf 78' lang='grc' dir='ltr'>εἷπον</span> <span class='ocrx_word' id='word_1_179' title='bbox 563 1354 749 1390; x_wconf 86' lang='lat' dir='ltr'><strong>intercisa</strong></span> <span class='ocrx_word' id='word_1_180' title='bbox 771 1360 855 1391; x_wconf 85' lang='lat' dir='ltr'><strong>erat</strong></span> <span class='ocrx_word' id='word_1_181' title='bbox 870 1354 1015 1395; x_wconf 83' lang='lat' dir='ltr'><strong>oratio,</strong></span> <span class='ocrx_word' id='word_1_182' title='bbox 1030 1367 1110 1403; x_wconf 92' lang='lat' dir='ltr'><strong>quo</strong></span> <span class='ocrx_word' id='word_1_183' title='bbox 1125 1354 1277 1391; x_wconf 90' lang='lat' dir='ltr'><strong>scilicet</strong></span> <span class='ocrx_word' id='word_1_184' title='bbox 1292 1354 1413 1391; x_wconf 84' lang='lat' dir='ltr'><strong>intel-</strong></span> 
     </span>
     <span class='ocr_line' id='line_1_22' title="bbox 122 1406 1411 1457; baseline 0.002 -13"><span class='ocrx_word' id='word_1_185' title='bbox 122 1407 338 1457; x_wconf 51' lang='lat' dir='ltr'><strong>ligereturg.</strong></span> <span class='ocrx_word' id='word_1_186' title='bbox 355 1409 381 1446; x_wconf 75' lang='lat' dir='ltr'><strong>oi</strong></span> <span class='ocrx_word' id='word_1_187' title='bbox 398 1406 428 1445; x_wconf 63' lang='grc' dir='ltr'><strong>δὲ</strong></span> <span class='ocrx_word' id='word_1_188' title='bbox 447 1407 549 1450; x_wconf 77' lang='grc' dir='ltr'>εἷπον,</span> <span class='ocrx_word' id='word_1_189' title='bbox 568 1407 608 1446; x_wconf 73' lang='grc' dir='ltr'><strong>τό</strong></span> <span class='ocrx_word' id='word_1_190' title='bbox 631 1407 743 1446; x_wconf 72' lang='grc' dir='ltr'>οἵεθλον</span> <span class='ocrx_word' id='word_1_191' title='bbox 762 1407 840 1447; x_wconf 74' lang='grc' dir='ltr'>εἶναι</span> <span class='ocrx_word' id='word_1_192' title='bbox 861 1408 918 1446; x_wconf 66' lang='grc' dir='ltr'><strong>τόν</strong></span> <span class='ocrx_word' id='word_1_193' title='bbox 938 1406 1096 1450; x_wconf 64' lang='grc' dir='ltr'>διδόμενον</span> <span class='ocrx_word' id='word_1_194' title='bbox 1114 1410 1272 1451; x_wconf 76' lang='grc' dir='ltr'>στέφανον</span> <span class='ocrx_word' id='word_1_195' title='bbox 1290 1410 1411 1452; x_wconf 80' lang='grc' dir='ltr'>ἐλαίης.</span> 
     </span>
     <span class='ocr_line' id='line_1_23' title="bbox 123 1459 1413 1513; baseline 0.001 -14"><span class='ocrx_word' id='word_1_196' title='bbox 123 1465 244 1500; x_wconf 89' lang='lat' dir='ltr'><strong>Nunc</strong></span> <span class='ocrx_word' id='word_1_197' title='bbox 269 1459 479 1513; x_wconf 87' lang='lat' dir='ltr'><strong>(quamvis</strong></span> <span class='ocrx_word' id='word_1_198' title='bbox 496 1463 542 1498; x_wconf 84' lang='lat' dir='ltr'><strong>ad</strong></span> <span class='ocrx_word' id='word_1_199' title='bbox 562 1463 779 1499; x_wconf 87' lang='lat' dir='ltr'><strong>sententiae</strong></span> <span class='ocrx_word' id='word_1_200' title='bbox 803 1475 1002 1499; x_wconf 85' lang='lat' dir='ltr'><strong>summam</strong></span> <span class='ocrx_word' id='word_1_201' title='bbox 1023 1463 1062 1500; x_wconf 91' lang='lat' dir='ltr'><strong>h.</strong></span> <span class='ocrx_word' id='word_1_202' title='bbox 1081 1463 1109 1499; x_wconf 89' lang='lat' dir='ltr'><strong>l.</strong></span> <span class='ocrx_word' id='word_1_203' title='bbox 1133 1463 1241 1498; x_wconf 91' lang='lat' dir='ltr'><strong>nihil</strong></span> <span class='ocrx_word' id='word_1_204' title='bbox 1268 1464 1413 1500; x_wconf 83' lang='lat' dir='ltr'><strong>referat</strong></span> 
     </span>
     <span class='ocr_line' id='line_1_24' title="bbox 124 1516 1413 1565; baseline 0.001 -12"><span class='ocrx_word' id='word_1_205' title='bbox 124 1522 218 1553; x_wconf 88' lang='lat' dir='ltr'><strong>utro</strong></span> <span class='ocrx_word' id='word_1_206' title='bbox 238 1518 354 1553; x_wconf 91' lang='lat' dir='ltr'><strong>modo</strong></span> <span class='ocrx_word' id='word_1_207' title='bbox 371 1523 612 1553; x_wconf 85' lang='lat' dir='ltr'><strong>structuram</strong></span> <span class='ocrx_word' id='word_1_208' title='bbox 633 1517 825 1553; x_wconf 85' lang='lat' dir='ltr'><strong>orationis</strong></span> <span class='ocrx_word' id='word_1_209' title='bbox 843 1516 1035 1565; x_wconf 89' lang='lat' dir='ltr'><strong>accipias)</strong></span> <span class='ocrx_word' id='word_1_210' title='bbox 1056 1517 1203 1554; x_wconf 86' lang='lat' dir='ltr'><strong>deletas</strong></span> <span class='ocrx_word' id='word_1_211' title='bbox 1227 1517 1320 1554; x_wconf 87' lang='lat' dir='ltr'><strong>illas</strong></span> <span class='ocrx_word' id='word_1_212' title='bbox 1342 1531 1413 1554; x_wconf 87' lang='lat' dir='ltr'><strong>no-</strong></span> 
     </span>
     <span class='ocr_line' id='line_1_25' title="bbox 123 1571 1412 1619; baseline 0.002 -11"><span class='ocrx_word' id='word_1_213' title='bbox 123 1577 182 1608; x_wconf 70' lang='lat' dir='ltr'><strong>tas</strong></span> <span class='ocrx_word' id='word_1_214' title='bbox 203 1573 308 1617; x_wconf 81' lang='lat' dir='ltr'><strong>„et“</strong></span> <span class='ocrx_word' id='word_1_215' title='bbox 331 1571 474 1616; x_wconf 79' lang='lat' dir='ltr'><strong>velim,</strong></span> <span class='ocrx_word' id='word_1_216' title='bbox 498 1577 536 1607; x_wconf 87' lang='lat' dir='ltr'><strong>et</strong></span> <span class='ocrx_word' id='word_1_217' title='bbox 561 1584 704 1619; x_wconf 87' lang='lat' dir='ltr'><strong>parum</strong></span> <span class='ocrx_word' id='word_1_218' title='bbox 723 1572 926 1608; x_wconf 88' lang='lat' dir='ltr'><strong>commode</strong></span> <span class='ocrx_word' id='word_1_219' title='bbox 951 1577 1035 1619; x_wconf 88' lang='lat' dir='ltr'><strong>post</strong></span> <span class='ocrx_word' id='word_1_220' title='bbox 1053 1571 1139 1609; x_wconf 74' lang='grc' dir='ltr'>εἶπον</span> <span class='ocrx_word' id='word_1_221' title='bbox 1158 1586 1295 1609; x_wconf 85' lang='lat' dir='ltr'><strong>comma</strong></span> <span class='ocrx_word' id='word_1_222' title='bbox 1310 1573 1412 1610; x_wconf 87' lang='lat' dir='ltr'><strong>olim</strong></span> 
     </span>
     <span class='ocr_line' id='line_1_26' title="bbox 123 1625 1410 1675; baseline 0.002 -13"><span class='ocrx_word' id='word_1_223' title='bbox 123 1627 301 1674; x_wconf 83' lang='lat' dir='ltr'><strong>positum</strong></span> <span class='ocrx_word' id='word_1_224' title='bbox 320 1625 439 1662; x_wconf 87' lang='lat' dir='ltr'><strong>fuisse</strong></span> <span class='ocrx_word' id='word_1_225' title='bbox 453 1632 641 1662; x_wconf 81' lang='lat' dir='ltr'><strong>autumo:</strong></span> <span class='ocrx_word' id='word_1_226' title='bbox 670 1626 806 1663; x_wconf 86' lang='lat' dir='ltr'><strong>iuncta</strong></span> <span class='ocrx_word' id='word_1_227' title='bbox 823 1626 933 1663; x_wconf 87' lang='lat' dir='ltr'><strong>enim</strong></span> <span class='ocrx_word' id='word_1_228' title='bbox 951 1626 1128 1675; x_wconf 83' lang='lat' dir='ltr'><strong>intelligi</strong></span> <span class='ocrx_word' id='word_1_229' title='bbox 1155 1627 1299 1663; x_wconf 88' lang='lat' dir='ltr'><strong>debent</strong></span> <span class='ocrx_word' id='word_1_230' title='bbox 1325 1626 1410 1666; x_wconf 79' lang='grc' dir='ltr'>εἶπον</span> 
     </span>
     <span class='ocr_line' id='line_1_27' title="bbox 124 1677 1407 1728; baseline 0 -10"><span class='ocrx_word' id='word_1_231' title='bbox 124 1680 183 1719; x_wconf 67' lang='grc' dir='ltr'><strong>τόν</strong></span> <span class='ocrx_word' id='word_1_232' title='bbox 202 1683 378 1724; x_wconf 71' lang='grc' dir='ltr'>στέφανον,</span> <span class='ocrx_word' id='word_1_233' title='bbox 395 1692 537 1728; x_wconf 85' lang='lat' dir='ltr'><strong>nempe</strong></span> <span class='ocrx_word' id='word_1_234' title='bbox 555 1680 612 1718; x_wconf 75' lang='grc' dir='ltr'><strong>τόν</strong></span> <span class='ocrx_word' id='word_1_235' title='bbox 629 1682 688 1723; x_wconf 61' lang='grc' dir='ltr'><strong>τῆς</strong></span> <span class='ocrx_word' id='word_1_236' title='bbox 707 1683 814 1724; x_wconf 80' lang='grc' dir='ltr'>ἐλαίης</span> <span class='ocrx_word' id='word_1_237' title='bbox 833 1682 990 1723; x_wconf 74' lang='grc' dir='ltr'>στέφανον</span> <span class='ocrx_word' id='word_1_238' title='bbox 1009 1677 1170 1723; x_wconf 66' lang='grc' dir='ltr'>δεδόμενον</span> <span class='ocrx_word' id='word_1_239' title='bbox 1189 1684 1252 1724; x_wconf 76' lang='grc' dir='ltr'><strong>τοῖς</strong></span> <span class='ocrx_word' id='word_1_240' title='bbox 1270 1682 1383 1719; x_wconf 72' lang='grc' dir='ltr'><strong>νικῶσι</strong></span> <span class='ocrx_word' id='word_1_241' title='bbox 1395 1707 1407 1725; x_wconf 80' lang='lat'>‚</span> 
     </span>
     <span class='ocr_line' id='line_1_28' title="bbox 123 1736 1412 1780; baseline 0.002 -9"><span class='ocrx_word' id='word_1_242' title='bbox 123 1737 161 1772; x_wconf 80' lang='lat' dir='ltr'><strong>hi</strong></span> <span class='ocrx_word' id='word_1_243' title='bbox 175 1750 257 1772; x_wconf 85' lang='lat' dir='ltr'><strong>vero</strong></span> <span class='ocrx_word' id='word_1_244' title='bbox 274 1742 472 1772; x_wconf 78' lang='lat' dir='ltr'><strong>narrarunt</strong></span> <span class='ocrx_word' id='word_1_245' title='bbox 484 1738 582 1772; x_wconf 86' lang='lat' dir='ltr'><strong>oleae</strong></span> <span class='ocrx_word' id='word_1_246' title='bbox 598 1748 785 1780; x_wconf 82' lang='lat' dir='ltr'><strong>coronam,</strong></span> <span class='ocrx_word' id='word_1_247' title='bbox 799 1736 991 1772; x_wconf 81' lang='lat' dir='ltr'><strong>victoribus</strong></span> <span class='ocrx_word' id='word_1_248' title='bbox 1006 1737 1087 1772; x_wconf 83' lang='lat' dir='ltr'><strong>dari</strong></span> <span class='ocrx_word' id='word_1_249' title='bbox 1104 1738 1260 1772; x_wconf 87' lang='lat' dir='ltr'><strong>solitam.</strong></span> <span class='ocrx_word' id='word_1_250' title='bbox 1289 1737 1412 1774; x_wconf 87' lang='lat' dir='ltr'><strong>Paulo</strong></span> 
     </span>
     <span class='ocr_line' id='line_1_29' title="bbox 121 1786 1410 1840; baseline 0 -14"><span class='ocrx_word' id='word_1_251' title='bbox 121 1790 330 1838; x_wconf 81' lang='lat' dir='ltr'><strong>superius,</strong></span> <span class='ocrx_word' id='word_1_252' title='bbox 349 1786 451 1840; x_wconf 86' lang='lat' dir='ltr'><strong>[lin.</strong></span> <span class='ocrx_word' id='word_1_253' title='bbox 473 1786 528 1840; x_wconf 89' lang='grc'><strong>7.]</strong></span> <span class='ocrx_word' id='word_1_254' title='bbox 553 1790 623 1825; x_wconf 89' lang='lat' dir='ltr'><strong>ubi</strong></span> <span class='ocrx_word' id='word_1_255' title='bbox 644 1789 801 1832; x_wconf 63' lang='grc' dir='ltr'><strong>ἄγουσι</strong></span> <span class='ocrx_word' id='word_1_256' title='bbox 820 1791 997 1826; x_wconf 87' lang='lat' dir='ltr'><strong>offerunt</strong></span> <span class='ocrx_word' id='word_1_257' title='bbox 1011 1791 1235 1837; x_wconf 88' lang='lat' dir='ltr'><strong>complures</strong></span> <span class='ocrx_word' id='word_1_258' title='bbox 1254 1790 1410 1838; x_wconf 85' lang='lat' dir='ltr'><strong>probati</strong></span> 
     </span>
     <span class='ocr_line' id='line_1_30' title="bbox 123 1844 1412 1893; baseline -0.001 -12"><span class='ocrx_word' id='word_1_259' title='bbox 123 1845 294 1889; x_wconf 83' lang='lat' dir='ltr'><strong>codices,</strong></span> <span class='ocrx_word' id='word_1_260' title='bbox 317 1844 441 1893; x_wconf 89' lang='lat' dir='ltr'><strong>recipi</strong></span> <span class='ocrx_word' id='word_1_261' title='bbox 468 1845 627 1881; x_wconf 89' lang='lat' dir='ltr'><strong>fortasse</strong></span> <span class='ocrx_word' id='word_1_262' title='bbox 653 1844 724 1880; x_wconf 90' lang='lat' dir='ltr'><strong>hoc</strong></span> <span class='ocrx_word' id='word_1_263' title='bbox 745 1844 902 1892; x_wconf 79' lang='lat' dir='ltr'><strong>ipsum,</strong></span> <span class='ocrx_word' id='word_1_264' title='bbox 930 1845 1024 1881; x_wconf 88' lang='lat' dir='ltr'><strong>licet</strong></span> <span class='ocrx_word' id='word_1_265' title='bbox 1046 1857 1137 1880; x_wconf 83' lang='lat' dir='ltr'><strong>mox</strong></span> <span class='ocrx_word' id='word_1_266' title='bbox 1168 1845 1412 1881; x_wconf 86' lang='lat' dir='ltr'><strong>subiiciatur</strong></span> 
     </span>
     <span class='ocr_line' id='line_1_31' title="bbox 91 1898 1413 1948; baseline -0.003 -10"><span class='ocrx_word' id='word_1_267' title='bbox 91 1930 98 1933; x_wconf 84' lang='grc'>-</span> <span class='ocrx_word' id='word_1_268' title='bbox 122 1901 281 1947; x_wconf 61' lang='grc' dir='ltr'>θεωρέοιεν</span> <span class='ocrx_word' id='word_1_269' title='bbox 292 1899 497 1943; x_wconf 81' lang='lat' dir='ltr'><strong>debuerat3</strong></span> <span class='ocrx_word' id='word_1_270' title='bbox 510 1899 702 1947; x_wconf 87' lang='lat' dir='ltr'><strong>quoniam</strong></span> <span class='ocrx_word' id='word_1_271' title='bbox 721 1898 880 1948; x_wconf 88' lang='lat' dir='ltr'><strong>(utiam</strong></span> <span class='ocrx_word' id='word_1_272' title='bbox 897 1898 1219 1948; x_wconf 83' lang='lat' dir='ltr'><strong>frequentissime</strong></span> <span class='ocrx_word' id='word_1_273' title='bbox 1233 1901 1413 1936; x_wconf 84' lang='lat' dir='ltr'><strong>observa-</strong></span> 
     </span>
     <span class='ocr_line' id='line_1_32' title="bbox 123 1952 1412 2002; baseline -0.001 -11"><span class='ocrx_word' id='word_1_274' title='bbox 123 1952 278 1999; x_wconf 86' lang='lat' dir='ltr'><strong>vimus)</strong></span> <span class='ocrx_word' id='word_1_275' title='bbox 298 1954 454 1991; x_wconf 84' lang='lat' dir='ltr'><strong>variare</strong></span> <span class='ocrx_word' id='word_1_276' title='bbox 472 1955 685 1990; x_wconf 87' lang='lat' dir='ltr'><strong>verborum</strong></span> <span class='ocrx_word' id='word_1_277' title='bbox 713 1954 845 1990; x_wconf 90' lang='lat' dir='ltr'><strong>modos</strong></span> <span class='ocrx_word' id='word_1_278' title='bbox 871 1954 1049 2002; x_wconf 89' lang='lat' dir='ltr'><strong>Scriptor</strong></span> <span class='ocrx_word' id='word_1_279' title='bbox 1068 1959 1200 1989; x_wconf 89' lang='lat' dir='ltr'><strong>noster</strong></span> <span class='ocrx_word' id='word_1_280' title='bbox 1218 1959 1339 1990; x_wconf 86' lang='lat' dir='ltr'><strong>amat.</strong></span> <span class='ocrx_word' id='word_1_281' title='bbox 1366 1952 1412 1992; x_wconf 85' lang='lat' dir='ltr'><strong>S.</strong></span> 
     </span>
    </p>

    <p class='ocr_par' dir='ltr' id='par_1_3' title="bbox 120 2006 1414 2438">
     <span class='ocr_line' id='line_1_33' title="bbox 234 2006 1414 2056; baseline -0.003 -9"><span class='ocrx_word' id='word_1_282' title='bbox 234 2006 380 2048; x_wconf 83' lang='lat' dir='ltr'><em>CAP.</em></span> <span class='ocrx_word' id='word_1_283' title='bbox 394 2006 610 2047; x_wconf 78' lang='lat' dir='ltr'><em>XXVII.</em></span> <span class='ocrx_word' id='word_1_284' title='bbox 638 2009 673 2045; x_wconf 78' lang='lat'><strong>3.</strong></span> <span class='ocrx_word' id='word_1_285' title='bbox 701 2006 760 2045; x_wconf 81' lang='grc' dir='ltr'><strong>ἅτε</strong></span> <span class='ocrx_word' id='word_1_286' title='bbox 784 2017 843 2052; x_wconf 74' lang='grc' dir='ltr'><strong>σφι</strong></span> <span class='ocrx_word' id='word_1_287' title='bbox 864 2010 1083 2054; x_wconf 80' lang='grc' dir='ltr'>ἐνέχοντες</span> <span class='ocrx_word' id='word_1_288' title='bbox 1103 2008 1163 2044; x_wconf 68' lang='lat' dir='ltr'><strong>uls)</strong></span> <span class='ocrx_word' id='word_1_289' title='bbox 1186 2006 1314 2056; x_wconf 77' lang='grc' dir='ltr'>χόλον)</span> <span class='ocrx_word' id='word_1_290' title='bbox 1346 2008 1414 2045; x_wconf 89' lang='lat' dir='ltr'><strong>Li-</strong></span> 
     </span>
     <span class='ocr_line' id='line_1_34' title="bbox 126 2062 1412 2111; baseline 0.001 -13"><span class='ocrx_word' id='word_1_291' title='bbox 126 2066 228 2107; x_wconf 78' lang='lat' dir='ltr'><strong>tem,</strong></span> <span class='ocrx_word' id='word_1_292' title='bbox 263 2076 385 2111; x_wconf 90' lang='lat' dir='ltr'><strong>quam</strong></span> <span class='ocrx_word' id='word_1_293' title='bbox 413 2063 618 2111; x_wconf 86' lang='lat' dir='ltr'><strong>publicato</strong></span> <span class='ocrx_word' id='word_1_294' title='bbox 647 2063 807 2099; x_wconf 86' lang='lat' dir='ltr'><strong>schedae</strong></span> <span class='ocrx_word' id='word_1_295' title='bbox 841 2068 1070 2107; x_wconf 87' lang='lat' dir='ltr'><strong>moverunt,</strong></span> <span class='ocrx_word' id='word_1_296' title='bbox 1101 2062 1320 2099; x_wconf 88' lang='lat' dir='ltr'><strong>secundum</strong></span> <span class='ocrx_word' id='word_1_297' title='bbox 1349 2074 1412 2099; x_wconf 84' lang='lat' dir='ltr'><strong>eas</strong></span> 
     </span>
     <span class='ocr_line' id='line_1_35' title="bbox 126 2110 1411 2166; baseline 0.002 -14"><span class='ocrx_word' id='word_1_298' title='bbox 126 2116 189 2153; x_wconf 90' lang='lat' dir='ltr'><strong>do.</strong></span> <span class='ocrx_word' id='word_1_299' title='bbox 222 2119 308 2155; x_wconf 91' lang='lat' dir='ltr'><strong>Non</strong></span> <span class='ocrx_word' id='word_1_300' title='bbox 330 2118 458 2154; x_wconf 89' lang='lat' dir='ltr'><strong>nescio</strong></span> <span class='ocrx_word' id='word_1_301' title='bbox 477 2117 744 2166; x_wconf 88' lang='lat' dir='ltr'><strong>Euripideum</strong></span> <span class='ocrx_word' id='word_1_302' title='bbox 760 2119 909 2154; x_wconf 84' lang='lat' dir='ltr'><strong>Hecub.</strong></span> <span class='ocrx_word' id='word_1_303' title='bbox 927 2130 981 2153; x_wconf 89' lang='lat' dir='ltr'><strong>vs.</strong></span> <span class='ocrx_word' id='word_1_304' title='bbox 1005 2130 1015 2152; x_wconf 92' lang='lat'>1</span> <span class='ocrx_word' id='word_1_305' title='bbox 1032 2130 1042 2151; x_wconf 78' lang='grc' dir='ltr'>ι</span> <span class='ocrx_word' id='word_1_306' title='bbox 1059 2130 1070 2151; x_wconf 86' lang='grc'>1</span> <span class='ocrx_word' id='word_1_307' title='bbox 1083 2118 1117 2154; x_wconf 89' lang='lat'><strong>8.</strong></span> <span class='ocrx_word' id='word_1_308' title='bbox 1142 2110 1163 2157; x_wconf 69' lang='grc' dir='ltr'><strong><em>ἦ</em></strong></span> <span class='ocrx_word' id='word_1_309' title='bbox 1179 2118 1288 2160; x_wconf 71' lang='grc' dir='ltr'>μέγαν</span> <span class='ocrx_word' id='word_1_310' title='bbox 1308 2114 1411 2162; x_wconf 75' lang='grc' dir='ltr'>χόλον</span> 
     </span>
     <span class='ocr_line' id='line_1_36' title="bbox 127 2171 1411 2220; baseline -0.003 -10"><span class='ocrx_word' id='word_1_311' title='bbox 127 2173 188 2210; x_wconf 77' lang='grc' dir='ltr'><strong>Σοὶ</strong></span> <span class='ocrx_word' id='word_1_312' title='bbox 203 2174 260 2209; x_wconf 76' lang='grc' dir='ltr'><strong>καὶ</strong></span> <span class='ocrx_word' id='word_1_313' title='bbox 283 2173 418 2211; x_wconf 74' lang='grc' dir='ltr'><strong>τέκνοισι</strong></span> <span class='ocrx_word' id='word_1_314' title='bbox 437 2171 507 2218; x_wconf 75' lang='grc' dir='ltr'><em>εἶχε</em></span> <span class='ocrx_word' id='word_1_315' title='bbox 520 2198 531 2214; x_wconf 86' lang='grc'><em>,</em></span> <span class='ocrx_word' id='word_1_316' title='bbox 553 2172 897 2220; x_wconf 84' lang='lat' dir='ltr'><strong>Sophocleumque</strong></span> <span class='ocrx_word' id='word_1_317' title='bbox 917 2171 1104 2208; x_wconf 84' lang='lat' dir='ltr'><strong>Trachin.</strong></span> <span class='ocrx_word' id='word_1_318' title='bbox 1121 2183 1177 2207; x_wconf 89' lang='lat' dir='ltr'><strong>vs.</strong></span> <span class='ocrx_word' id='word_1_319' title='bbox 1195 2184 1286 2217; x_wconf 87' lang='lat'><strong>272.</strong></span> <span class='ocrx_word' id='word_1_320' title='bbox 1321 2171 1411 2207; x_wconf 87' lang='lat' dir='ltr'><strong>Ali-</strong></span> 
     </span>
     <span class='ocr_line' id='line_1_37' title="bbox 127 2222 1412 2276; baseline 0.001 -14"><span class='ocrx_word' id='word_1_321' title='bbox 127 2231 187 2262; x_wconf 81' lang='lat' dir='ltr'><strong>ter</strong></span> <span class='ocrx_word' id='word_1_322' title='bbox 207 2227 412 2263; x_wconf 82' lang='lat' dir='ltr'><strong>Herodotus</strong></span> <span class='ocrx_word' id='word_1_323' title='bbox 439 2227 510 2263; x_wconf 89' lang='lat' dir='ltr'><strong>lib.</strong></span> <span class='ocrx_word' id='word_1_324' title='bbox 535 2229 602 2264; x_wconf 86' lang='lat' dir='ltr'><strong>VI.</strong></span> <span class='ocrx_word' id='word_1_325' title='bbox 627 2240 638 2261; x_wconf 94' lang='lat'>1</span> <span class='ocrx_word' id='word_1_326' title='bbox 654 2240 714 2276; x_wconf 77' lang='lat'><strong>¹9·</strong></span> <span class='ocrx_word' id='word_1_327' title='bbox 738 2229 867 2274; x_wconf 77' lang='grc' dir='ltr'>Δαρεῖος</span> <span class='ocrx_word' id='word_1_328' title='bbox 884 2247 901 2254; x_wconf 92' lang='grc'>-</span> <span class='ocrx_word' id='word_1_329' title='bbox 919 2247 936 2254; x_wconf 98' lang='grc'>-</span> <span class='ocrx_word' id='word_1_330' title='bbox 954 2246 971 2253; x_wconf 94' lang='grc'>-</span> <span class='ocrx_word' id='word_1_331' title='bbox 1002 2223 1105 2270; x_wconf 69' lang='grc' dir='ltr'>ἐνεῖχέ</span> <span class='ocrx_word' id='word_1_332' title='bbox 1130 2233 1190 2268; x_wconf 79' lang='grc' dir='ltr'><strong>σφι</strong></span> <span class='ocrx_word' id='word_1_333' title='bbox 1220 2222 1316 2263; x_wconf 70' lang='grc' dir='ltr'>δεινόν</span> <span class='ocrx_word' id='word_1_334' title='bbox 1345 2223 1412 2271; x_wconf 82' lang='grc' dir='ltr'><strong>χό-</strong></span> 
     </span>
     <span class='ocr_line' id='line_1_38' title="bbox 125 2280 1411 2319; baseline -0.002 -1"><span class='ocrx_word' id='word_1_335' title='bbox 125 2290 200 2319; x_wconf 72' lang='grc' dir='ltr'>λονε</span> <span class='ocrx_word' id='word_1_336' title='bbox 224 2287 264 2317; x_wconf 90' lang='lat' dir='ltr'><strong>et</strong></span> <span class='ocrx_word' id='word_1_337' title='bbox 282 2280 354 2317; x_wconf 90' lang='lat' dir='ltr'><strong>lib.</strong></span> <span class='ocrx_word' id='word_1_338' title='bbox 375 2283 403 2317; x_wconf 87' lang='lat' dir='ltr'><strong>I.</strong></span> <span class='ocrx_word' id='word_1_339' title='bbox 428 2295 441 2316; x_wconf 86' lang='lat'>1</span> <span class='ocrx_word' id='word_1_340' title='bbox 456 2283 516 2318; x_wconf 77' lang='lat'><strong>18.</strong></span> <span class='ocrx_word' id='word_1_341' title='bbox 563 2282 647 2318; x_wconf 81' lang='lat' dir='ltr'><strong>Odii</strong></span> <span class='ocrx_word' id='word_1_342' title='bbox 682 2281 934 2317; x_wconf 84' lang='lat' dir='ltr'><strong>Thessalorum</strong></span> <span class='ocrx_word' id='word_1_343' title='bbox 966 2282 1005 2316; x_wconf 88' lang='lat' dir='ltr'><strong>in</strong></span> <span class='ocrx_word' id='word_1_344' title='bbox 1031 2281 1228 2317; x_wconf 80' lang='lat' dir='ltr'><strong>Phocenses</strong></span> <span class='ocrx_word' id='word_1_345' title='bbox 1250 2280 1411 2315; x_wconf 86' lang='lat' dir='ltr'><strong>exordia</strong></span> 
     </span>
     <span class='ocr_line' id='line_1_39' title="bbox 120 2331 1411 2385; baseline 0.001 -15"><span class='ocrx_word' id='word_1_346' title='bbox 120 2335 196 2371; x_wconf 87' lang='lat' dir='ltr'><strong>lib.</strong></span> <span class='ocrx_word' id='word_1_347' title='bbox 214 2337 301 2371; x_wconf 90' lang='lat' dir='ltr'>VII.</span> <span class='ocrx_word' id='word_1_348' title='bbox 326 2336 413 2381; x_wconf 86' lang='lat'><strong>176.</strong></span> <span class='ocrx_word' id='word_1_349' title='bbox 436 2336 587 2385; x_wconf 87' lang='lat' dir='ltr'><strong>signata</strong></span> <span class='ocrx_word' id='word_1_350' title='bbox 612 2341 720 2372; x_wconf 89' lang='lat' dir='ltr'><strong>sunt.</strong></span> <span class='ocrx_word' id='word_1_351' title='bbox 756 2335 860 2372; x_wconf 89' lang='lat' dir='ltr'><strong>Hinc</strong></span> <span class='ocrx_word' id='word_1_352' title='bbox 884 2333 943 2376; x_wconf 66' lang='grc' dir='ltr'><strong>την</strong></span> <span class='ocrx_word' id='word_1_353' title='bbox 965 2332 1046 2381; x_wconf 72' lang='grc' dir='ltr'><strong>πρός</strong></span> <span class='ocrx_word' id='word_1_354' title='bbox 1068 2335 1200 2376; x_wconf 84' lang='grc' dir='ltr'>Φωκέας</span> <span class='ocrx_word' id='word_1_355' title='bbox 1220 2332 1362 2381; x_wconf 71' lang='grc' dir='ltr'><strong>ἔχθραν,</strong></span> <span class='ocrx_word' id='word_1_356' title='bbox 1391 2331 1411 2374; x_wconf 56' lang='grc' dir='ltr'><strong>οἳ</strong></span> 
     </span>
     <span class='ocr_line' id='line_1_40' title="bbox 125 2387 1410 2438; baseline -0.001 -12"><span class='ocrx_word' id='word_1_357' title='bbox 125 2390 316 2438; x_wconf 47' lang='lat' dir='ltr'><strong>venun-&amp;9752</strong></span> <span class='ocrx_word' id='word_1_358' title='bbox 346 2393 529 2433; x_wconf 77' lang='grc' dir='ltr'>Θετταλοῖς</span> <span class='ocrx_word' id='word_1_359' title='bbox 557 2391 591 2428; x_wconf 79' lang='grc' dir='ltr'><strong>ἐκ</strong></span> <span class='ocrx_word' id='word_1_360' title='bbox 621 2391 778 2427; x_wconf 72' lang='grc' dir='ltr'>παλαιῶν</span> <span class='ocrx_word' id='word_1_361' title='bbox 803 2387 948 2438; x_wconf 73' lang='grc' dir='ltr'>χρόνων,</span> <span class='ocrx_word' id='word_1_362' title='bbox 982 2400 1062 2424; x_wconf 87' lang='lat' dir='ltr'><strong>non</strong></span> <span class='ocrx_word' id='word_1_363' title='bbox 1093 2387 1218 2425; x_wconf 88' lang='lat' dir='ltr'><strong>tacuit</strong></span> <span class='ocrx_word' id='word_1_364' title='bbox 1240 2389 1410 2429; x_wconf 76' lang='lat' dir='ltr'><strong>Aeschin.</strong></span> 
     </span>
    </p>
   </div>
   <div class='ocr_carea' id='block_1_3' title="bbox 124 2444 724 2493">
    <p class='ocr_par' dir='ltr' id='par_1_4' title="bbox 124 2444 724 2493">
     <span class='ocr_line' id='line_1_41' title="bbox 124 2444 724 2493; baseline -0.002 -12"><span class='ocrx_word' id='word_1_365' title='bbox 124 2446 195 2493; x_wconf 71' lang='grc' dir='ltr'><strong>περὶ</strong></span> <span class='ocrx_word' id='word_1_366' title='bbox 217 2451 375 2493; x_wconf 70' lang='grc' dir='ltr'><strong>Παραπρ.</strong></span> <span class='ocrx_word' id='word_1_367' title='bbox 406 2457 446 2493; x_wconf 88' lang='lat' dir='ltr'><strong>p.</strong></span> <span class='ocrx_word' id='word_1_368' title='bbox 462 2445 525 2489; x_wconf 66' lang='lat'><strong>46.</strong></span> <span class='ocrx_word' id='word_1_369' title='bbox 548 2444 724 2486; x_wconf 87' lang='lat' dir='ltr'><strong>WESS.</strong></span> 
     </span>
    </p>
   </div>
  </div>
 </body>
</html>
