1718 2919
231 212 329 250 AD
363 211 770 251 HERODOT.
813 212 962 253 VIII.
1002 214 1154 256 33.35.
1285 227 1362 268 109

77 314 254 365 ignorat:
287 317 485 353 Gronovius
511 315 700 364 reperisse
727 328 766 352 se
799 316 842 351 in
869 317 1057 354 Plutarchi
1083 319 1253 355 Lucullo
1275 332 1361 368 pag.

78 378 172 420 479.
190 384 226 407 n.
257 371 433 418 putavit,
459 370 529 406 ubi
556 371 617 413 τοῖς
639 368 781 413 Φωκίδος
808 372 876 418 περὶ
903 375 1026 419 Στεῖριν
1051 373 1251 418 αἰολίζοντες.
1285 375 1362 410 De-

79 425 208 460 miror
238 430 368 461 tamen
401 425 671 469 vehementer,
703 424 796 460 istos
826 425 905 461 huc
933 426 1135 471 αιόλίξοντας
1156 427 1362 473 advocari,

76 478 152 526 qui
180 481 221 515 L.
241 479 403 516 Luculli
432 485 557 516 aetate
585 490 631 514 ex
662 478 841 516 Boeotiae
869 479 1114 525 Chaeronea,
1143 482 1204 517 uti
1234 482 1362 519 nitide

76 533 314 577 Plutarchus,
335 534 377 569 in
399 545 484 570 eam
510 533 686 570 Phocidis
707 539 859 581 partem
879 534 1192 583 conmigrarunt.
1233 537 1365 573 Ficul-

76 599 201 624 neum
221 600 311 637 ergo
329 590 490 626 Aeolidis
514 587 579 623 illi
606 588 862 635 praesidium.
892 588 999 636 Quid
1026 590 1191 637 itaque?
1221 592 1361 628 Menda

74 653 115 678 se
132 643 325 679 vocabulo
353 643 593 684 insinuavit3
620 642 830 690 scripserat
855 648 1163 687 ΛΙΛΑΙΕΩΝ,
1192 644 1362 693 inperiti

72 707 165 732 vero
201 703 533 735 ΑῙΟΛΙΔΕΩΝ.
575 698 704 744 Quam
731 696 894 745 quidem
927 697 1146 746 scripturae
1177 699 1359 737 fraudem

71 756 167 786 ante
191 751 259 786 hos
293 752 477 800 quinque
503 764 626 787 annos
659 752 722 788 Cl.
749 754 1003 788 Valckenarius
1033 752 1134 788 mihi
1167 762 1361 792 monstra-

74 804 135 841 vit
157 810 196 841 et
224 807 426 853 probavit:
453 819 562 841 nunc
580 805 743 842 eandem
771 806 883 843 video
912 806 956 841 in
988 808 1049 843 Cl.
1077 809 1119 844 de
1139 809 1250 845 Pauw
1270 823 1361 846 con-

71 858 269 896 iecturam
297 859 496 896 incidisse.
525 861 718 904 Profecto,
746 860 777 896 si
795 872 897 909 quae
916 862 995 896 alia
1010 888 1019 905 ,
1054 873 1100 897 ex
1122 863 1275 911 tripode
1296 877 1360 901 ve-

76 913 153 950 nit.
181 917 346 952 Λίλαια
360 940 370 957 ,
392 917 537 959 Lilaea,
565 914 746 963 proxime
763 917 813 951 ab
833 916 990 962 oppidis
1010 916 1180 953 incensis
1198 920 1359 966 aberat,

72 968 231 1004 doctore
248 970 432 1006 Pausania
451 970 523 1006 lib.
541 972 589 1006 X.
608 970 688 1014 53„
715 980 784 1006 nec
802 970 929 1006 fatum
943 997 953 1015 ‚
979 971 1084 1018 quod
1104 971 1177 1008 illa
1196 974 1358 1021 mersit,

72 1022 206 1070 potuit
219 1023 358 1060 vitare.
374 1025 497 1063 WES
510 1024 547 1061 S.
561 1044 612 1050 —
631 1026 687 1060 Ex
701 1026 798 1061 Med.
815 1022 1042 1062 Αἰολιδέων
1064 1027 1196 1074 posuit
1215 1030 1357 1066 Grono-

70 1080 150 1113 vius
172 1090 243 1125 pro
263 1076 427 1115 Αἱολίδωνε
463 1080 748 1123 Αεοίίάεηείωη,
782 1081 903 1115 Valla.
933 1081 1087 1117 Palmer.
1107 1084 1240 1119 Graec.
1259 1085 1356 1121 Ant.

72 1145 112 1180 p.
135 1132 226 1178 675.
242 1132 418 1169 miratur
446 1136 579 1170 nullum
603 1136 711 1169 alium
738 1134 780 1170 de
805 1134 875 1170 hac
903 1136 1052 1171 Aeolide
1076 1137 1357 1185 mentionemfe-

70 1189 173 1223 cisse.
201 1186 341 1222 Iisdem
370 1198 491 1235 paene
517 1188 678 1224 servatis
708 1188 918 1233 literarum
947 1188 1134 1226 ductibus
1162 1191 1240 1228 iam
1264 1201 1357 1230 ante

68 1241 229 1288 aliquot
253 1254 378 1277 annos
399 1253 530 1279 veram
547 1268 557 1287 ‚
585 1251 631 1278 ut
654 1241 818 1290 opinor,
845 1242 1055 1280 lectionem
1081 1245 1209 1282 detexi
1234 1249 1358 1284 corri-

72 1296 197 1344 gendo
214 1298 442 1333 Λιλαιέων.
478 1297 566 1344 Quo
595 1297 766 1345 quisque
793 1298 923 1334 colore
948 1310 1066 1334 suum
1089 1311 1261 1338 errorem
1295 1303 1355 1339 in-

72 1350 308 1387 crustaverit
326 1350 434 1386 nihil
462 1351 606 1387 attinet
632 1352 799 1397 dixisse,
828 1352 994 1389 veritate
1014 1361 1243 1392 monstrata.
1273 1359 1358 1394 Per-

72 1419 134 1441 sae
165 1405 228 1442 τῶν
258 1406 433 1443 Πανοπέων
466 1405 523 1445 τήν
558 1406 657 1443 πόλιν
687 1407 879 1453 ἐνέπρησαν,
913 1409 970 1444 καὶ
993 1412 1166 1453 Δαυλίων,
1200 1414 1258 1448 καὶ
1290 1421 1355 1450 Λι-

73 1460 247 1496 λαιέωντ
278 1461 538 1508 Panopensium
571 1460 687 1496 urbem
715 1462 877 1497 incendio
905 1468 1113 1509 vastarunt,
1144 1471 1178 1500 et
1204 1467 1356 1503 Daulio-

71 1527 168 1557 rum,
200 1519 236 1548 et
261 1515 595 1559 Lilaee'nsium;
628 1521 748 1562 atque
774 1515 868 1551 adeo
897 1517 1086 1565 Panopen,
1108 1520 1289 1566 Daulida,
1314 1528 1354 1558 et

71 1569 255 1612 Lilaeam‚
287 1570 448 1605 Λίλαιανε
480 1569 602 1613 hinc,
639 1575 798 1606 auctore
829 1571 952 1618 steph.
987 1573 1076 1622 Byz.
1108 1574 1154 1609 fit
1187 1577 1353 1619 Λιλαιεύς.

71 1623 184 1658 quta
205 1623 364 1658 Pausan.
384 1625 434 1659 X.
453 1619 513 1673 [c.
533 1620 598 1673 8.]
625 1636 663 1671 p.
684 1625 726 1659 81
739 1637 774 1670 7.
792 1624 820 1662 οἱ
838 1628 984 1668 Λιλαιεῖς
1000 1649 1014 1656 -
1030 1650 1045 1657 -
1064 1627 1092 1670 ἐς
1116 1629 1178 1665 τοῦ
1199 1633 1351 1673 Κηφισοῦ

69 1675 127 1717 τοῖν
152 1674 260 1718 mariv
281 1680 452 1719 πέμματα
470 1675 631 1726 ἐπιχώρια
650 1677 791 1722 οἶφιοῖσιν
808 1704 819 1723 ,
844 1680 1070 1717 accolebant
1086 1683 1245 1730 Cephisi
1267 1685 1352 1721 fon·

70 1737 172 1767 tem:
198 1732 249 1766 ab
268 1730 436 1767 interitu
460 1738 563 1768 tutos
589 1733 787 1780 praestitit
804 1735 1006 1779 Homerus,
1039 1749 1061 1771 a
1088 1750 1169 1785 quo
1200 1746 1354 1786 praeter

67 1792 213 1822 ceteros
251 1786 457 1822 Phocenses
493 1788 696 1824 Lilaee'nses
728 1788 849 1824 etiam
881 1788 1123 1831 intexuntur
1155 1794 1353 1840 Boeotiae,

68 1839 133 1877 Ἰλ.
154 1838 199 1879 5¹.
228 1840 302 1876 523
325 1855 420 1890 seqq.
439 1839 485 1878 Οἳ
505 1840 715 1889 Κυπάρισσον
731 1841 809 1888 ἕχον
827 1867 842 1873 -
858 1866 874 1873 -
892 1868 907 1876 -
925 1847 982 1881 καὶ
1007 1844 1156 1884 Δαυλίδα
1168 1873 1178 1889 ,
1200 1851 1257 1885 καὶ
1275 1856 1351 1887 Πα-

70 1895 199 1937 root-Zac,
233 1894 284 1932 Οἵ
295 1894 325 1932 τ’
356 1894 421 1943 ἄρα
444 1894 515 1943 παρ
545 1895 699 1937 ποταμδν
731 1896 904 1940 Κκφισσδν
927 1896 989 1935 δῖον
1013 1897 1137 1943 ἔναιον,
1169 1902 1220 1939 O‘l
1236 1919 1270 1940 τε
1295 1912 1353 1941 Λι-

69 1958 169 1986 λαιοιν
190 1946 270 1994 ἕχον
291 1951 401 1992 πηγῆς
421 1950 472 1987 ἐπὶ
495 1954 690 1993 Κκφισσοῖο.
717 1953 753 1987 A
769 1952 955 2000 Philippo
975 1954 1057 1989 solo
1075 1962 1263 2002 aequatae
1281 1958 1354 1994 hae

70 2003 224 2051 primae
256 2010 533 2040 memorantur
562 2006 678 2041 urbes
707 2007 910 2043 Pausaniae
936 2020 1020 2057 pag.
1053 2010 1167 2055 803„
1196 2014 1349 2055 Λίλαια,

67 2055 276 2100 Ὑάμπολις,
307 2058 500 2106 Ἀντίκυρα,
530 2059 817 2107 Παραποτάμιοι,
846 2061 1038 2104 Πανοπεύς,
1070 2065 1217 2107 Δαῦλιςε
1246 2074 1349 2103 vete-

68 2122 130 2148 res
159 2123 314 2158 omnes,
342 2113 490 2161 partim
521 2115 668 2150 Homeri
695 2115 872 2151 carmine
904 2117 1164 2164 nobilitatae,
1201 2123 1350 2168 partim

67 2166 211 2203 Xerxis
234 2167 389 2203 furore:
419 2168 466 2203 de
496 2169 662 2204 Lilaea
685 2171 881 2208 Palmerius
902 2171 981 2220 egit
1010 2174 1143 2211 Graec.
1163 2175 1260 2213 Ant.
1281 2179 1352 2215 VI.

69 2234 111 2268 p.
134 2221 224 2256 681.
247 2227 287 2257 et
301 2234 406 2270 seqq.
424 2223 578 2260 VALC
592 2226 642 2259 K.

125 2277 161 2312 8.
189 2272 306 2313 πάντα
323 2274 349 2313 δ’
376 2278 619 2317 ἐπιστέατο
639 2275 657 2328 )
687 2279 858 2316 ἐπιστέατο
880 2284 918 2316 et
938 2280 1118 2321 ἠπιστέατο
1136 2296 1254 2320 suum
1276 2288 1350 2323 He-

64 2331 214 2368 melotus
240 2329 388 2368 fatetur
418 2331 492 2368 lib.
510 2333 538 2368 I.
564 2333 650 2378 173.
675 2333 870 2381 alibique.
898 2337 1076 2373 WESS.
1107 2358 1157 2364 -—
1199 2342 1350 2389 Nempe

65 2385 137 2420 ubi
166 2385 340 2432 pluralis
362 2392 418 2422 est
438 2397 630 2423 numerus
646 2413 656 2432 ,
684 2393 725 2424 at
743 2388 782 2424 h.
808 2389 836 2424 l.
862 2389 979 2425 unice
1003 2403 1143 2428 verum
1164 2401 1248 2431 erat
1273 2395 1351 2435 κ’πί.

64 2453 168 2478 ποια-ο
191 2445 263 2477 aut
280 2440 452 2480 ἐπίστατο.
483 2441 588 2481 Vide
620 2443 713 2480 ναῖ’.
737 2445 840 2481 Lect·
861 2442 906 2481 S·
