1718 2919
305 249 403 289 An
451 248 856 288 HERODOT.
904 248 1190 298 V1.40.41.
1301 248 1378 288 165

87 358 290 403 receptum
318 353 637 401 κκτεστροέεθκσκνι
669 354 735 389 hic
762 353 862 389 sorte
889 353 1106 389 solemnem
1137 352 1214 388 sibi
1242 364 1379 400 posue-

88 416 151 448 rat
175 411 344 446 formam
370 408 674 455 συνεστρνζΜ-ησαν,
708 414 745 443 et
770 408 840 443 lib.
865 409 909 444 II.
937 420 968 443 c.
993 421 1079 443 121.
1104 407 1374 454 ἔπιτρκφθὲντωντ

87 464 194 514 quod
215 463 368 512 placuit
393 463 499 500 Clar.
517 463 690 499 Abresch.
719 463 802 498 Dil.
819 463 940 498 Thuc.
962 475 998 509 p.
1016 475 1105 511 ²09·
1142 462 1218 497 Ubi
1240 462 1379 511 vulga-

90 526 161 556 tur
183 519 391 567 τραφθέντες,
423 517 545 552 huius
564 518 632 553 Ed.
653 530 690 564 p.
711 518 784 553 286
803 543 812 561 ,
836 518 870 554 6.
894 513 992 567 [IV.
1021 529 1032 550 1
1047 530 1063 550 2
1080 543 1090 561 ,
1116 516 1174 552 13.
1199 516 1269 551 ubi
1288 516 1379 552 vide

90 578 186 612 Var.
213 575 316 610 Lect.
343 578 382 608 et
409 568 583 622 Adnot.]
616 571 738 607 huius
771 571 923 621 generis
949 575 1128 619 prostant
1155 572 1375 613 nonnulla;

87 627 226 677 qualia
243 627 360 663 habet
377 632 414 662 et
436 627 602 676 Thucyd.
628 638 782 675 semper
800 633 930 662 tamen
950 625 1124 661 scribens
1148 625 1377 672 ξυστραφ-ἧναι

88 689 128 720 et
151 682 441 729 καταστραφῆνκι.
460 682 672 718 VALCK.
698 702 747 707 —
789 681 988 717 Utralibet
1012 680 1123 716 verbi
1154 680 1281 715 forma
1315 679 1377 715 uti

88 738 260 774 licuerat
283 735 499 779 Herodoto,
518 743 556 772 et
576 736 618 771 in
643 736 845 784 vulgatam
870 736 906 772 h.
933 736 960 771 l.
981 734 1237 771 consentiunt
1256 734 1377 777 libri,

88 804 264 841 quorum
293 798 422 839 spreto
447 791 708 839 praescripto,
747 789 1031 838 συνεστράφθκσαν
1054 801 1101 825 ex
1134 790 1260 826 Valck.
1288 802 1380 825 con-

85 847 175 884 iect.
193 845 319 881 edidit
343 847 455 881 Borh.
486 844 529 883 S.

197 898 486 940 CAP·XLI·
518 898 552 936 3.
580 899 637 939 ‘triv
659 896 692 936 δέ
719 900 746 935 οἱ
773 900 928 939 πέμπτην
953 899 1017 935 τῶν
1046 899 1118 935 νεῶν
1137 894 1379 948 κατεῖλον)

88 955 131 994 Si
150 955 373 1004 genuinum
397 961 453 990 est
472 957 645 998 κκτεῖλσν,
678 966 748 1001 pro
775 953 953 1001 simplici
983 959 1147 989 novator
1172 952 1280 988 illud
1315 966 1381 1001 po-

87 1010 214 1047 suerit
245 1008 348 1053 εἷλον,
378 1017 557 1058 ceperunt.
602 1011 772 1045 Fortasse
802 1014 932 1044 tamen
961 1008 1172 1055 scripserat
1203 1006 1259 1047 riv
1289 1004 1320 1044 δέ
1353 1008 1387 1054 οἱ,

89 1066 245 1108 πέμπτην
264 1066 327 1102 τῶν
347 1065 418 1101 νεῶν
443 1067 598 1108 κκτεῖχσν
621 1060 782 1104 διώκοντες
809 1063 834 1101 οἶ
861 1064 1019 1104 <balmum
1051 1062 1133 1098 sive
1164 1062 1297 1109 potius
1317 1079 1380 1099 κα-

86 1120 208 1161 τῆγονπ
231 1130 274 1155 eo
295 1130 437 1167 nempe
456 1131 591 1162 sensu,
611 1130 730 1166 quem
752 1117 874 1153 tradit
893 1119 1122 1166 Harpocrat.
1144 1116 1188 1151 in
1209 1115 1380 1158 Kurdyoev

85 1172 132 1211 τοὶ
154 1177 282 1217 πλοῖα,
302 1186 504 1222 quemque
528 1174 580 1209 H.
606 1175 728 1209 Vates.
744 1172 942 1220 explicuit
961 1185 999 1219 p.
1026 1182 1112 1217 104.
1136 1177 1174 1207 et
1196 1171 1283 1208 105.
1314 1172 1379 1209 Sic

84 1228 281 1266 Miltiadis
307 1229 422 1264 istam
451 1239 589 1264 navem
614 1227 821 1275 insequuti
842 1227 1072 1271 Phoenices,
1099 1239 1179 1262 non
1213 1226 1378 1273 quidem

85 1283 286 1319 mercibus
310 1283 373 1319 sed
401 1288 584 1320 onustam
613 1282 806 1330 pecunia,
834 1282 877 1317 in
909 1294 1028 1318 suum
1058 1281 1259 1330 quendam
1289 1293 1379 1329 por·

87 1343 176 1374 tum
198 1338 433 1381 averterint3
467 1350 640 1386 quacum
662 1343 823 1385 captum
850 1337 1046 1373 Miltiadis
1073 1337 1210 1373 filium
1242 1337 1380 1373 Metio-

85 1393 207 1429 chum
232 1391 401 1435 dvriyxyov
427 1391 520 1441 παρπὶ
546 1393 715 1434 Βασιλέα,
752 1388 906 1434 δοκέοντες
936 1390 1065 1439 χάριτκ
1085 1389 1238 1434 μεγάλην
1269 1407 1380 1428 κοιτα-

85 1445 266 1486 simam:
300 1453 546 1496 postremum
580 1447 671 1492 hoc,
711 1446 904 1493 exemplis
934 1446 1116 1494 undique
1149 1445 1378 1491 conductis,

89 1502 273 1538 tractavit
299 1503 334 1539 Ι.
356 1503 389 1539 I.
420 1504 608 1538 VVetsten.
641 1502 686 1537 in
717 1503 835 1538 Lucae
866 1503 955 1537 Act.
990 1502 1129 1548 Apost.
1159 1513 1281 1545 XXIV,
1314 1513 1377 1547 27.

84 1557 191 1594 conf.
211 1558 395 1595 D’Orvill.
413 1557 456 1592 in
481 1558 626 1594 Charit.
646 1570 686 1605 p,
705 1566 797 1606 2409.
818 1557 1031 1592 VALCK.
1052 1576 1103 1582 —
1143 1557 1294 1591 Iterum
1318 1568 1379 1591 re-

86 1610 335 1661 fragantibus
356 1612 473 1648 libris
492 1612 680 1648 omnibus
701 1624 823 1646 unam
844 1622 891 1646 ex
913 1611 1037 1647 Valck.
1055 1610 1295 1646 coniecturis
1316 1622 1381 1646 ar-

87 1666 220 1714 ripuit
237 1667 352 1703 Borh.
386 1668 570 1703 Verbum
594 1669 758 1714 καταιξεῒν
787 1666 970 1714 capiendi,
1007 1666 1224 1713 corripiendi
1252 1665 1379 1700 notio-

85 1732 137 1756 ne
154 1733 275 1769 supra
291 1721 464 1770 positum
480 1721 658 1757 vidimus
673 1734 706 1756 c.
730 1733 777 1771 29
793 1747 802 1765 ,
824 1735 862 1770 9.
890 1719 1010 1755 Possis
1029 1719 1150 1755 etiam
1168 1717 1377 1766 auferendi,

84 1782 125 1813 et
144 1776 378 1813 abstrahendi
400 1776 562 1813 notione
578 1775 777 1823 accipere,
798 1781 843 1811 ut
862 1778 911 1812 V.
939 1774 1008 1819 56,
1035 1783 1093 1819 14.
1122 1773 1167 1811 S.

146 1843 206 1881 19.
235 1831 361 1872 ἐποίησε
386 1830 492 1869 aaa&
529 1834 587 1873 μὲν
618 1828 702 1868 οὐδὲν
736 1825 939 1878 Μητίοχον)
979 1830 1037 1865 De
1071 1842 1151 1865 uno
1181 1828 1376 1865 Metiocho

82 1886 305 1923 Herodotus.
332 1889 389 1924 At
415 1888 651 1924 Marcellinus
671 1884 714 1919 in
735 1884 822 1921 Vit.
841 1883 1082 1932 Thucydidis
1105 1884 1252 1920 liberos
1282 1884 1377 1921 Mil-

85 1940 213 1977 tiadae
235 1941 369 1977 eadem
390 1941 483 1977 navi
513 1941 730 1988 intercepta
757 1939 800 1974 in
833 1938 1009 1974 hostium
1033 1938 1185 1975 venisse
1210 1944 1377 1987 potesta-

85 2000 164 2032 tem
183 1995 387 2039 adfirmat3
410 1995 676 2043 inprudenter
700 1994 969 2043 subiungens,
996 1992 1152 2036 ἀφίενται
1171 1990 1197 2030 δ’
1222 1993 1291 2031 tino*
1309 1996 1377 2033 Βω-

87 2051 221 2094 σιλέως,
250 2048 278 2089 εἴ
296 2067 334 2093 γε
360 2050 409 2095 μὴ
432 2049 594 2095 ψεύδεται
618 2046 798 2096 Ἡρόδοτος.
834 2050 963 2097 Quae,
983 2049 1138 2084 malum
1156 2075 1165 2092 ,
1192 2048 1286 2084 haec
1310 2060 1377 2083 su-

86 2104 231 2152 spicio,
260 2106 326 2141 cui
359 2106 501 2141 nullus
532 2105 575 2139 in
599 2104 791 2152 scriptore
820 2103 997 2139 fundus?
1029 2103 1206 2142 WESS.
1225 2124 1276 2129 —
1321 2105 1376 2140 Ea

85 2158 233 2197 tribuit
252 2162 438 2197 Herodoto
456 2161 686 2197 Marcellinus
703 2158 746 2194 in
763 2158 845 2194 vita
868 2158 1035 2209 Thucyd.
1050 2169 1153 2206 quae
1172 2170 1376 2206 nusquam

83 2213 160 2249 ille
181 2215 363 2258 tradidit;
385 2228 477 2251 nam
497 2215 676 2263 primum
698 2225 837 2250 navem
857 2218 1011 2261 captam
1033 2212 1196 2258 scribit,
1222 2212 1266 2247 in
1293 2225 1375 2260 qua

85 2268 207 2304 liberi
237 2269 391 2307 fuerint
416 2270 632 2312 Miltiadis;
659 2268 823 2314 deinde,
848 2268 1001 2310 ἀφίενται
1032 2264 1083 2310 δὲ,
1116 2267 1277 2315 inquit,
1305 2264 1374 2304 ὖπδ

85 2325 249 2366 Βασιλέως
263 2349 274 2369 ,
302 2323 382 2367 εἴγε
399 2324 446 2366 m?
464 2322 636 2373 Ἡρόδοτος
662 2321 834 2368 ψεύδει-ιιι.
879 2324 937 2359 De
959 2336 1041 2359 uno
1061 2328 1219 2358 tantum
1240 2321 1375 2370 loqui-

85 2384 155 2416 tur
178 2380 316 2416 Herod.
345 2380 567 2417 liberorum
594 2379 789 2416 Miltiadis
818 2383 916 2414 natu
947 2377 1123 2414 maximo
1149 2377 1370 2419 Metioch0;

51 2480 63 2485 Γ
83 2433 192 2470 hunc
213 2434 336 2471 tradit
359 2435 480 2472 variis
506 2434 722 2471 commodis
748 2438 936 2469 ornatum
964 2433 1008 2468 in
1032 2431 1186 2468 Perside
1218 2443 1374 2467 reman-

47 2487 56 2505 ‘·
82 2488 198 2534 sisse,
226 2495 347 2537 atque
376 2489 455 2536 ibi,
487 2501 608 2526 uxore
635 2489 778 2534 ducta,
803 2488 950 2524 liberos
975 2497 1217 2536 procreasse:
1249 2486 1370 2531 τέκνα,
