1718 2919
315 232 363 269 52
598 225 1346 266 ADNOTATIONES

312 338 410 369 tatos
438 331 478 367 in
503 330 723 376 Pisistrato,
739 331 841 367 etad
864 333 1011 367 Aeliani
1032 333 1130 367 Var.
1151 329 1252 366 Hist.
1271 331 1339 367 XI.
1363 331 1416 376 8.‚
1437 330 1605 369 nobilis-

309 388 430 423 simos
451 387 542 423 istos
563 386 724 423 iuvenes
748 386 926 433 primum
950 387 1193 436 Hieronymus
1219 381 1435 437 [Rhodius]
1461 387 1607 424 statuit

309 443 565 490 exemplum,
597 441 678 477 alia
707 453 869 489 quoque
899 452 1236 485 commemorans,
1266 441 1416 489 quibus
1439 441 1602 478 demon-

310 503 429 543 stret,
452 494 502 535 ἔτι
531 495 571 534 ‘to'
601 497 664 534 τῶν
684 497 754 533 νέων
780 495 858 543 πρὸς
879 494 1047 538 κ’λλῆλους
1074 494 1234 543 ἓτοειρικδν
1266 496 1498 544 συμφρονῆσαν
1515 507 1602 535 πολ·

309 552 373 596 >mig
393 549 576 599 τυραννίδας
596 552 740 592 καθεῖλε,
762 551 869 598 apud
887 551 1024 587 Athen.
1044 552 1144 586 XIII.
1168 563 1204 598 p.
1223 551 1313 586 602.
1331 565 1388 593 A.;
1415 552 1602 600 sequitur

307 606 592 655 Peripateticus
603 607 832 649 Aristotelis.
850 605 952 653 quin
969 611 1008 641 et
1024 606 1188 642 Platonis
1208 604 1410 642 iudicium
1430 605 1473 642 in
1492 606 1603 655 Sym-

290 662 432 711 -posi0.
463 662 614 708 Culpat
636 662 822 697 Platonem
849 662 924 697 Iac.
950 662 1115 697 Perizon.
1135 660 1182 696 ad
1203 662 1349 697 Aelian.
1379 674 1466 710 pag.
1487 662 1601 712 692„

306 719 420 754 velut
440 717 509 752 hac
529 717 570 751 in
595 728 636 752 re
655 715 953 752 dissentientem
983 728 1005 751 a
1027 728 1067 752 se
1086 715 1172 764 ipso
1192 715 1234 751 in
1258 715 1505 764 Hipparcho:
1535 717 1600 754 sed

307 773 339 809 si
372 771 662 819 suspicionem,
701 784 823 819 quam
858 771 966 807 solus
1004 771 1105 807 forte
1135 771 1261 807 movit
1295 773 1470 810 Aelianus
1500 775 1596 811 Var.

307 830 411 865 VIII.
435 842 494 871 2.‚
528 826 574 862 ad
608 838 771 862 examen
793 826 858 863 vir
884 825 1191 863 Eruditissimus
1218 833 1451 872 revocasset,
1481 826 1599 865 illam

307 883 439 919 forsan
469 882 687 931 agnovisset
716 881 962 931 legitimam,
995 886 1116 929 atque
1140 881 1183 917 in
1211 881 1440 929 Hipparcho
1468 884 1600 921 multa

309 938 502 986 reperiri,
524 948 626 985 quae
647 936 788 973 faciem
822 938 1036 984 praebeant
1053 937 1103 972 ab
1124 935 1198 972 illa
1227 937 1393 974 Platonis
1416 937 1600 975 diversis-

307 993 465 1029 simam.
494 995 632 1039 Neque
656 992 791 1041 magni
822 991 925 1027 mihi
949 991 1111 1028 videtur
1143 992 1337 1028 momenti
1364 992 1599 1031 criminatio

305 1050 436 1085 Dionis
460 1048 594 1098 Chrys.
615 1049 801 1084 Perizonio
822 1053 1060 1092 memorata,
1090 1047 1294 1094 culpantis
1316 1048 1600 1095 Athenienses,

305 1104 411 1151 quod
432 1102 696 1139 Harmodium
717 1109 754 1138 et
778 1102 1090 1151 Aristogitonem
1117 1100 1252 1139 πάντων
1269 1102 1427 1145 μάλιστ-κ
1457 1105 1598 1146 τιμῶσιν

306 1159 346 1201 ὠς
369 1155 636 1206 ἐλευθερώσαντας
660 1156 717 1198 τῆν
744 1155 861 1199 πόλιν,
895 1160 953 1194 καὶ
976 1155 1156 1200 οἶνελᾶντικς
1174 1155 1231 1195 τᾶν
1248 1157 1416 1206 τύρκννον,
1441 1159 1511 1195 Or.
1527 1161 1597 1197 XI.

304 1226 342 1261 p.
371 1226 457 1262 ¹9¹·
500 1213 775 1260 Hipparchum
801 1218 905 1248 certe
933 1213 1208 1255 sustulerunt3
1226 1212 1414 1260 quodque
1438 1225 1600 1262 recupe-

302 1267 449 1305 randae
479 1267 678 1304 libertatis
704 1268 830 1317 gratia
852 1268 977 1304 faeere
999 1267 1076 1304 sibi
1105 1274 1413 1315 proposuerant,
1447 1268 1598 1317 imper-

303 1323 402 1359 fecto
426 1323 520 1359 licet
545 1335 682 1371 opere,
711 1323 843 1360 secisse
873 1329 1005 1359 tamen
1030 1323 1080 1358 ab
1099 1322 1304 1359 acerrimis
1330 1329 1597 1371 tyrannorum

301 1379 482 1414 osoribus
509 1379 772 1415 censebantur
786 1405 795 1423 7
825 1380 875 1415 ob
897 1378 1127 1426 incoeptum
1148 1377 1255 1414 illud
1276 1391 1377 1426 opus
1395 1378 1508 1428 digni
1528 1380 1596 1416 ha-

300 1433 377 1469 biti
412 1433 484 1481 qui
522 1434 833 1470 cumularentur
868 1434 982 1470 omni
1020 1434 1220 1469 honorum
1253 1444 1407 1482 genere.
1452 1434 1594 1472 Solum

298 1488 419 1524 etiam
440 1488 642 1524 occidendi
670 1489 830 1537 tyranni
848 1496 1036 1525 conatum
1058 1488 1320 1525 Athenienses
1344 1488 1494 1525 factum
1513 1490 1597 1526 exi-

299 1543 517 1579 stimabant
551 1544 899 1591 pulcherrimum3
941 1543 1046 1593 quod
1086 1544 1295 1580 luculento
1327 1543 1593 1582 demonstrari

300 1604 425 1645 potest
457 1598 708 1636 documento.
738 1602 824 1636 l'ost
854 1600 995 1636 eiectos
1026 1613 1116 1636 xxx.
1148 1604 1336 1646 tyrannos
1370 1600 1593 1648 psephisma

297 1653 583 1698 condiderunt,
619 1656 669 1690 ab
701 1662 861 1691 auctore
895 1655 1114 1691 sententiae
1142 1655 1387 1704 Demophanti
1413 1654 1592 1702 dictum,

295 1715 496 1745 servatum
522 1709 637 1746 nobis
661 1711 711 1746 ab
737 1712 926 1747 Andocide
953 1710 1002 1746 de
1027 1712 1142 1757 Myst.
1168 1722 1252 1759 pag.
1281 1710 1340 1746 15.
1369 1710 1590 1748 secundum

296 1764 403 1811 quod
424 1764 560 1800 iurare
592 1767 836 1814 cogebantur
862 1765 1141 1803 Athenienses:
1176 1765 1593 1830 tyrannidis-..auctorem

296 1821 349 1854 vel
366 1817 555 1865 fautorem
581 1819 635 1857 ἐοίν
655 1836 703 1863 τις
724 1823 852 1858 κτείνων
884 1819 1054 1868 cinaedm,
1092 1818 1114 1861 ἢ
1143 1821 1334 1869 ἔπιχειρων,
1363 1821 1394 1856 si
1419 1823 1495 1869 quis
1524 1828 1589 1858 aut

295 1875 457 1910 occidens
481 1876 673 1919 moriatur,
700 1883 763 1911 aut
783 1878 1008 1912 immor-ialin·
1025 1877 1188 1924 incoepto
1217 1871 1327 1924 (sive
1342 1881 1483 1912 tantum
1502 1890 1591 1925 opus

294 1930 508 1977 adgressus;
539 1929 578 1964 id
600 1929 710 1966 enim
731 1936 787 1966 est
806 1931 998 1978 ἐπιχειρῶν,
1032 1942 1175 1978 nempe
1200 1932 1342 1967 κτείνειν·
1354 1928 1366 1977 )
1396 1924 1432 1968 εὖ
1460 1931 1587 1972 ποιήσω

295 2000 399 2021 αυτ-ον
430 1999 463 2020 τε
494 1986 551 2021 uxi
579 1983 652 2027 τούς
671 1982 794 2027 παιδκς
817 2001 891 2027 τους
913 1986 1050 2028 ἐκείνου,
1089 1983 1236 2033 καθοίπερ
1263 1978 1437 2032 Αρμόδιᾶν
1463 2001 1497 2023 τε
1527 1989 1585 2024 καὶ

293 2036 577 2085 Ἀριστογείτονα,
603 2041 661 2076 καὶ
686 2040 759 2082 τούς
790 2055 975 2083 απογονους
997 2040 1120 2077 αυτῶν.
1166 2043 1246 2076 Hoc
1274 2039 1435 2087 respicit
1456 2040 1588 2077 decre-

294 2096 381 2128 tum
403 2094 590 2130 Demosth.
620 2100 746 2130 contr.
766 2094 923 2142 Leptin.
946 2108 1030 2144 pag.
1055 2096 1169 2138 512..
1195 2095 1293 2131 dum
1322 2094 1511 2132 meminit
1529 2097 1589 2140 τῆς

293 2153 387 2189 Amo
391 2145 516 2189 Φοέντου
551 2147 696 2193 στκλνς,
728 2149 793 2184 cui
830 2149 1087 2215 insculptum
1118 2150 1430 2186 iusiurandum.-
1465 2148 1506 2188 οἵν
1536 2167 1586 2195 τις

292 2200 426 2243 α’μυνων
456 2218 488 2239 τι
509 2201 598 2250 ποίθῃ
626 2219 666 2251 τῃ
698 2200 924 2251 ἓκαοκρκτιᾳ,
955 2203 1018 2247 τοὶς
1043 2204 1152 2247 αὖτοις
1176 2202 1283 2242 ἓωσειν
1308 2202 1424 2253 δωρεάς
1436 2231 1446 2249 ,
1477 2204 1581 2255 ἅσπερ

292 2252 449 2304 Ἁρμοδίῳ
469 2259 527 2293 καὶ
547 2256 813 2305 Ἀριστογείτονι.
837 2260 998 2308 vulgato
1019 2260 1175 2295 nomini
1198 2257 1384 2299 Διοῶοιντου
1405 2260 1584 2298 alterum.

292 2322 337 2345 ex
359 2311 480 2347 Codd.
498 2312 690 2348 debuerat
718 2313 932 2349 substitui:
968 2314 1048 2351 vid.
1078 2317 1136 2365 LJ
1138 2328 1267 2364 curgus
1290 2327 1377 2363 pag.
1400 2314 1498 2361 165,
1516 2316 1583 2360 43.

290 2367 421 2414 Longe
447 2366 643 2402 recentius
675 2373 712 2403 ct
734 2368 992 2405 diversissimi
1015 2371 1167 2418 generis
1190 2368 1375 2412 Διοφάντου
1406 2370 1487 2406 fuit
1510 2369 1583 2415 ψνῖ·

291 2427 417 2461 φισμαι.
456 2422 596 2457 Oratio
627 2435 659 2457 c.
691 2422 906 2470 Leptinen,
937 2424 1047 2460 docte
1082 2435 1213 2472 nuper
1242 2431 1363 2472 atque
1384 2425 1584 2474 eleganter

290 2474 442 2511 Gallice
469 2488 653 2514 conversa
681 2490 703 2513 a
734 2478 820 2514 (ἆρά.
851 2481 883 2516 le
908 2479 1057 2530 cointe,
1086 2479 1220 2516 eadem
1249 2491 1366 2527 opera
1399 2485 1583 2528 potuerat
