1718 2919
375 247 472 285 AD
520 245 928 287 HERODOT.
967 247 1025 287 V.
1061 259 1128 297 92.
1315 251 1389 288 103

98 358 177 390 tate
205 351 429 396 inculeare,
454 351 641 400 equidem
673 351 858 399 inprobo.
886 351 994 388 Idem
1027 350 1161 388 evenit
1194 349 1281 399 [lin.
1299 363 1361 396 72.
1372 347 1389 402 ]

99 408 197 445 Med.
228 405 344 444 οἱπικνε
339 408 449 444 ἐοιντο
482 418 685 454 namque
675 406 810 442 addita
837 405 1077 442 stabiliendo
1097 418 1253 450 caussa,
1280 405 1390 441 sufli-

92 462 201 498 ciens
219 473 298 497 non
319 466 396 505 est,
400 466 460 498 et
478 473 603 509 aeque
622 461 665 496 in
685 461 895 510 vulgatum
916 461 1100 509 quadrat.
1129 460 1278 498 Verius
1298 472 1391 497 mox

97 513 180 567 [bin.
195 512 272 563 73.]
291 527 337 551 ex
356 521 467 563 parte
480 517 569 552 Aldi
583 521 620 552 et
633 517 847 552 Msstorum
863 514 910 553 τοὶ
930 513 966 556 323
983 517 1040 553 καὶ
1055 516 1188 558 ἐγένετο.
1209 518 1266 555 W
1278 515 1391 553 ESS.

95 591 146 599 —
175 570 279 608 Vide
302 572 394 607 Var.
409 572 509 607 Lect.
537 568 581 608 S.

153 637 204 674 70
224 639 296 674 seq.
330 623 594 673 κατακρύβει
624 646 709 652 ---
738 625 767 668 ἐς
795 620 1023 674 κυψέλην)
1062 624 1189 662 Verbi
1215 624 1387 661 formam

98 680 212 717 nobis
231 692 277 716 ex
295 681 392 717 Med.
410 680 571 716 reduxit
590 679 656 716 vir
675 680 783 716 Clar.
796 706 806 725 ,
827 679 945 716 illam
962 679 1062 715 olim
1080 679 1245 728 quidem
1267 680 1390 716 usita-

99 741 203 777 tam3
240 734 300 771 sed
331 734 396 770 hic
420 734 626 779 vitiosam,
663 734 759 782 quia
793 734 1067 770 monumentis
1097 740 1153 770 est
1174 734 1389 771 literarum

96 789 326 838 antiquior:
361 788 589 839 κατακρύπτει
621 789 760 837 procul
792 789 917 825 dubio
947 789 1213 826 revocabitur.
1259 791 1391 827 Cista

97 844 319 882 Corinthiis
337 843 440 879 dicta
463 845 649 888 κυψέλκ,
682 844 725 879 in
747 856 827 892 qua
848 849 975 880 mater
995 844 1192 880 infantem
1215 845 1389 880 occulta-

97 905 225 945 verat,
255 904 384 947 postea
412 898 531 934 fuisse
553 898 727 935 traditur
747 898 791 934 in
818 898 983 935 Iunonis
1003 899 1153 947 templo
1175 899 1389 947 Olympiae

96 954 293 990 dedicata:
323 953 386 989 sed
412 953 544 1001 potius
574 953 835 998 crediderim,
860 959 907 990 ut
928 953 985 989 rei
1004 953 1240 990 memoriam
1261 960 1390 990 eusto-

95 1009 248 1053 dirent,
270 1008 517 1056 Cypselidas,
538 1021 618 1044 non
638 1008 685 1043 ad
707 1009 912 1056 exemplar
928 1007 1071 1045 veteris
1091 1009 1208 1045 istius
1229 1009 1387 1054 factam,

93 1078 217 1101 arcam
234 1062 603 1100 artificiosissimam
627 1062 745 1099 illam
770 1063 984 1109 dedicasse,
1004 1064 1046 1098 in
1067 1064 1184 1100 cuius
1203 1064 1388 1112 quinque

93 1119 286 1155 lateribus
305 1117 539 1154 enarrandis
566 1123 749 1154 accurata
768 1120 972 1155 Pausaniae
1000 1124 1178 1155 versatur
1211 1119 1388 1155 eruditio

93 1173 168 1210 lib.
189 1177 239 1210 V.
259 1169 367 1224 [cap.
391 1167 562 1222 17·19·]
582 1186 604 1208 a
625 1186 661 1220 p.
681 1182 773 1217 420.
791 1173 839 1208 ad
863 1187 899 1221 p.
925 1181 1016 1220 427.
1046 1174 1116 1216 Τνῖς
1141 1178 1198 1216 μὲν
1225 1170 1261 1214 δῆ
1281 1191 1386 1214 ‹ron-n-

98 1231 167 1277 ρίοις
184 1227 288 1266 εἵνεκα
309 1228 369 1266 τοῦ
392 1229 554 1272 Κυψέλου
580 1226 619 1264 τέ
643 1226 706 1264 dvr'
724 1227 830 1265 αὐτοῦ
853 1229 940 1271 ’γένος
967 1229 994 1265 οἱ
1017 1227 1249 1274 ὅνομοιξόμενοι
1270 1231 1389 1273 Κυψε-

96 1281 185 1320 λίδαι
215 1281 272 1323 ‘ti-1
300 1282 460 1330 Λιὶςνοικοι
493 1283 521 1325 ἐς
548 1281 745 1325 Ὀλυμπίαν
776 1282 946 1326 ἀνέθεσαν,
980 1287 1025 1318 ut
1057 1283 1197 1319 scrib1t
1227 1285 1387 1320 Pausan.

93 1351 132 1387 p.
155 1346 246 1387 419.
277 1338 489 1374 VALCK.

151 1406 215 1443 79.
245 1391 318 1430 dm*
338 1393 395 1435 riis·
413 1388 585 1438 κυψέλης)
614 1393 817 1428 Pausanias
834 1390 898 1435 τοὶς
917 1389 948 1429 δὲ
969 1392 1139 1437 λα’ρνοικοις
1163 1393 1190 1429 οἷ
1208 1391 1284 1430 τότε
1308 1391 1387 1430 {xd-

94 1458 167 1485 λουν
189 1447 339 1495 Κορίνθιοι
365 1448 544 1491 κυψέλας,
570 1452 656 1481 tum
684 1459 852 1482 consona
887 1460 1048 1494 prorsus
1077 1446 1126 1482 de
1153 1448 1297 1498 Cypseli
1326 1460 1389 1483 co·

92 1501 300 1552 gnomine,
327 1507 365 1538 et
392 1502 523 1537 multa
550 1500 598 1536 de
623 1514 712 1537 arca
743 1502 840 1546 ista,
871 1502 912 1537 in
944 1502 1135 1549 Olympia
1166 1502 1342 1538 dedicata
1364 1515 1386 1539 a

90 1556 329 1605 Cypselidis,
349 1556 421 1593 lib.
434 1559 484 1593 V.
505 1568 538 1591 e.
555 1569 567 1590 1
581 1569 615 1602 7.
635 1556 751 1592 cuius
770 1556 990 1606 insculptas
1011 1559 1159 1606 figuras
1178 1558 1249 1594 Dio
1267 1557 1389 1608 Chry-

86 1618 177 1650 sose.
196 1613 265 1648 Or.
285 1613 350 1648 XI.
370 1625 407 1659 p.
429 1611 514 1647 165.
534 1624 567 1646 B.
586 1612 786 1660 eleganter
809 1611 1002 1661 expingit.
1039 1614 1120 1648 Iam
1147 1614 1386 1659 κρυπτομέ-

93 1683 140 1714 νῳ
170 1665 263 1716 [pro
280 1667 523 1714 μαντευομένῳ,
550 1667 615 1702 lin.
638 1663 727 1717 80.]
754 1668 919 1703 latitanti
943 1678 1009 1703 seu
1034 1673 1140 1703 semet
1165 1669 1384 1712 occultanti,

93 1721 291 1770 quomodo
319 1727 395 1757 tres
423 1721 593 1763 Codices,
619 1720 818 1757 adsentire
839 1734 1012 1769 possum.
1059 1722 1244 1769 Cypselo,
1267 1721 1333 1758 cui
1363 1735 1386 1758 a

91 1776 238 1812 teneris
252 1775 487 1813 Bacchiadae
507 1775 672 1811 insidias
692 1781 943 1821 struxerant,
965 1775 1198 1824 prudentia,
1224 1782 1270 1812 ut
1289 1777 1386 1813 late-

89 1832 180 1868 bras
199 1836 439 1877 sectaretur,
459 1837 598 1866 auctor
618 1836 714 1867 erat.
745 1831 870 1867 Habet
896 1836 1095 1878 praeterea
1116 1831 1359 1868 vocabulum
1373 1859 1383 1877 ,

90 1885 197 1934 quod
219 1898 267 1922 ex
295 1887 418 1935 glossa
449 1884 671 1921 difficulter
701 1885 973 1922 derivabitur:
1011 1886 1122 1922 nulli
1156 1891 1288 1922 tamen
1317 1889 1386 1923 ob-

91 1940 222 1977 trudo.
254 1942 502 1989 Quaeramus
516 1941 564 1975 de
582 1941 764 1986 oraculo,
783 1940 888 1991 quod
908 1941 973 1977 hic
992 1937 1074 1991 [lin.
1094 1937 1176 1991 81.]
1202 1939 1386 1985 οἷμφιδέ-

81 1995 175 2038 ξιον
199 1995 410 2044 χρηστήριον,
439 2001 478 2031 et
505 1995 549 2030 in
582 1997 712 2031 Vallae
738 1995 891 2032 Latinis
921 2010 1074 2045 anceps,
1099 1995 1230 2033 invito
1257 1997 1320 2033 Cl.
1342 1998 1386 2033 de

91 2051 226 2096 raum
260 2050 326 2087 cui
363 2047 574 2093 ἀμφιδέξιον,
604 2052 844 2099 auspicatum,
873 2051 1069 2099 quoniam
1093 2052 1307 2099 Cypselus,
1335 2052 1385 2100 τῷ

92 2107 242 2148 πίσυνος,
270 2120 308 2142 eo
324 2102 449 2151 fretus
474 2105 723 2152 tyrannidem
747 2105 917 2149 invasit,
941 2107 1192 2156 liquidumque
1210 2105 1385 2143 videtur.

91 2159 243 2207 Sequor
259 2162 512 2204 Laurentium,
544 2166 629 2196 tum
662 2161 767 2208 quod
797 2173 1029 2209 responsum
1051 2160 1162 2197 omni
1183 2161 1386 2210 ambigui-

92 2218 170 2249 tate
203 2214 379 2251 liberum
413 2228 491 2250 non
523 2215 597 2259 sit,
628 2220 714 2251 tuin
743 2218 896 2252 Luciam·
926 2228 1144 2263 consensu,
1172 2218 1383 2252 oraculum

95 2269 235 2305 Croeso
266 2270 405 2306 datum
436 2270 509 2305 lib.
536 2272 565 2306 Ι.
598 2270 660 2309 55.
700 2269 892 2314 ἀμφιδέξιον
922 2269 1001 2314 ἔπος
1031 2271 1274 2319 adpellantis
1305 2273 1383 2307 Iov.

92 2324 277 2373 Tragoed.
298 2337 330 2360 c.
350 2325 413 2368 43.
444 2338 482 2372 p.
497 2325 587 2374 692.
617 2326 798 2363 WESS.
821 2346 870 2351 -
901 2325 1009 2362 Istud
1030 2327 1258 2373 κρυπτομένῳ,
1277 2326 1383 2373 quod

94 2390 166 2424 pro
191 2382 414 2427 μαντευομένῳ
433 2385 579 2416 veteres
600 2380 795 2416 nonnulli
821 2379 970 2416 codices
995 2381 1251 2428 praeferunt,
1278 2381 1383 2416 haud

92 2431 216 2468 dubie
251 2434 395 2482 glossae
433 2434 649 2483 marginali
667 2460 676 2477 ,
717 2446 820 2483 quae
855 2433 1003 2479 κύψελον
1042 2435 1386 2483 interpretabatur

93 2485 335 2534 κρυπτόμενον,
358 2488 545 2536 imperite
569 2489 611 2524 in
630 2495 861 2526 contextum
882 2489 1060 2527 invectae
1074 2517 1083 2535 ,
1106 2490 1302 2540 originem
1324 2489 1386 2526 dea

35 2538 45 2546 ‘
89 2540 166 2578 het.
194 2541 237 2580 S.
