1718 2919
355 214 429 263 198
638 210 1382 255 ADNOTATIONES

353 316 483 353 ἐνέκειτο
506 315 563 353 καὶ
581 316 691 353 Mssti
720 308 961 362 extrudunt,
993 318 1149 367 alioqui
1170 331 1250 355 non
1282 317 1326 354 in
1350 316 1554 366 absurdis,
1579 318 1641 356 uti

354 369 428 407 lib.
450 371 535 407 VII.
564 371 650 407 158.
682 372 857 410 WESS.

413 427 432 460 8
455 439 527 475 seq.
557 423 625 463 οὔτ’
644 424 684 462 οἶν
714 425 777 468 ἐγώ
805 424 860 463 εἐὶν
881 425 1159 475 Βελβινίτης)
1189 427 1317 464 Unius
1341 429 1524 465 Herodoto
1554 430 1641 466 Pla-

352 482 447 517 tonis
475 481 623 530 opponi
657 486 782 528 potest
811 481 1084 517 testimonium
1111 480 1235 532 (nam
1261 495 1283 518 a
1313 484 1643 525 Platonesumse-

351 541 448 572 runt
482 537 604 573 Cicero
637 535 861 584 ceterique)
904 536 975 572 lib.
1004 538 1031 572 1.
1056 536 1103 573 de
1130 539 1225 585 Rep.
1257 550 1295 585 p.
1316 538 1390 587 3²9
1412 552 1481 588 seq.
1513 537 1565 576 To*
1581 539 1642 576 τοῦ

354 593 619 634 Θεμιστοκλέους
638 593 669 627 εὖ
697 588 791 636 ἔχει,
822 608 856 633 ος
875 608 920 640 τῳ
943 594 1081 640 Σεριῶίῳ
1101 603 1136 629 λ’
1126 589 1283 640 ιδιρσυμέ
1284 608 1323 639 νῳ
1343 595 1399 629 xxi
1419 595 1564 634 λέγοντι.
1587 590 1638 631 ἵτι

352 661 387 682 ov
412 643 450 682 δι’
471 644 597 712 αρτ-ἂν,
631 643 744 714 οἷλλοὶ,Χ
749 642 803 682 δια
823 662 881 685 την
901 644 1020 713 πᾶιλιν,
1047 645 1214 689 summm*
1184 663 1232 689 ι,
1259 645 1476 694 manatura,
1499 663 1550 684 οτι
1569 645 1638 684 οὔτ

354 715 395 736 αν
415 698 518 742 αὗτος
545 702 691 747 Σερίφιος
717 716 759 737 ων
787 699 973 743 ονομαο-τδς
1002 701 1144 744 ἐγένετο,
1175 699 1242 739 cin·
1262 699 1304 738 οἲν
1330 702 1442 744 ἐκεῖνος
1459 700 1633 743 Ἀθηναῖος.

349 755 480 791 Velut
510 754 694 803 Seriphio
726 755 885 791 cuidam
921 755 1074 792 dictum
1110 756 1227 791 habet
1256 760 1295 791 et
1321 756 1508 793 Plutarch.
1538 757 1580 791 Τ.
1610 757 1639 792 l.

350 822 390 858 p.
418 823 504 845 121.
530 824 567 846 A.
587 815 626 846 et
644 812 685 846 T.
704 811 749 846 II.
775 824 812 858 p.
834 811 921 847 285.
941 823 974 847 c.
1000 810 1072 859 qui
1098 810 1252 846 dictum
1275 809 1396 846 etiam
1422 809 1638 848 Stratonici

304 872 308 874 “
349 864 464 901 nobis
492 865 662 901 servavit
691 865 739 900 ad
770 865 964 913 hospitem
995 865 1209 914 quemdam
1242 877 1361 901 suum
1383 865 1640 913 Seriphium,

348 921 392 957 Τ.
410 921 456 957 ll.
480 933 518 967 p.
538 920 627 957 602.
647 934 685 956 A.
725 921 905 958 Ciceronis
926 919 974 956 de
1001 921 1151 957 Senect.
1170 933 1202 956 c.
1225 920 1260 956 3.
1291 921 1408 956 verba
1436 932 1640 968 compara-

347 981 449 1014 runt
468 974 514 1010 ad
538 974 610 1011 illa
631 975 796 1013 Platonis
810 1003 819 1020 ,
837 981 993 1024 praeter
1008 975 1126 1012 illius
1147 975 1404 1023 interpretes,
1424 976 1466 1012 P.
1480 976 1642 1024 Leopar-

346 1031 411 1066 dus
436 1032 523 1066 Em.
552 1031 624 1066 lib.
643 1032 782 1068 XVIII.
815 1044 846 1067 c.
876 1031 937 1067 25.
959 1036 997 1066 et
1016 1032 1138 1068 Andr.
1156 1032 1346 1067 Dounaeus
1373 1029 1416 1066 in
1437 1030 1641 1067 Demosth.

347 1097 386 1134 p.
411 1085 474 1129 54.
514 1085 719 1121 Herodotei
737 1085 1012 1122 Themistoclis
1039 1087 1243 1128 Bovemirnq.
1268 1085 1350 1121 sive
1367 1084 1500 1133 potius
1523 1086 1642 1123 Βελβι-

347 1137 461 1184 ννὶτκς,
490 1140 676 1176 obscurae
695 1140 902 1176 cuiusdam
933 1141 1089 1177 insulae
1107 1141 1276 1177 Belbinae
1297 1139 1393 1176 civis
1414 1139 1517 1185 fuit,
1536 1150 1641 1188 quae

347 1194 397 1229 ab
424 1194 574 1230 Attices
602 1196 875 1242 promontorio
908 1196 1033 1232 Sunio
1062 1209 1140 1231 non
1170 1194 1286 1244 longe
1313 1199 1460 1230 remota
1496 1195 1641 1246 qulaci

348 1262 387 1297 p.
404 1250 468 1292 [45.
486 1256 733 1286 memoratur
746 1256 783 1285 et
796 1250 983 1287 Straboni.-
1004 1251 1083 1286 vid.
1101 1251 1232 1287 Pinedo
1249 1255 1287 1286 et
1302 1250 1436 1285 Berkel.
1452 1249 1500 1285 ad
1515 1249 1639 1297 Steph.

347 1305 436 1354 Byz.
456 1304 499 1340 in
521 1306 682 1342 Βέλβιναε
713 1304 806 1340 hinc
825 1305 1017 1347 Βελβινῆτκς
1037 1306 1254 1342 formatum
1277 1310 1434 1352 praeter
1447 1305 1581 1341 Berkel.
1600 1309 1639 1341 et

345 1361 516 1395 Holsten.
543 1358 645 1395 vidit
669 1361 723 1395 Io.
745 1361 1004 1396 Meurs.h1isc.
1029 1363 1168 1396 Lacon.
1191 1360 1259 1396 IV.
1285 1372 1316 1396 c.
1341 1367 1378 1403 4.
1400 1358 1496 1408 qui,
1522 1358 1640 1395 istius

346 1413 504 1450 insulae
523 1426 601 1449 non
624 1414 870 1458 recordatus,
895 1414 1132 1451 insulanum
1161 1421 1290 1451 tamen
1313 1413 1436 1450 sensit
1456 1413 1640 1450 debuisse

346 1468 543 1518 designari
568 1471 680 1505 Teleti
699 1469 804 1517 apud
823 1469 1008 1506 Stobaeum
1035 1483 1072 1518 p.
1098 1470 1194 1514 233,
1213 1469 1247 1505 5.
1267 1470 1324 1506 καὶ
1347 1467 1395 1506 σ’νε
1398 1465 1526 1514 ιδίξουσι
1555 1470 1633 1509 μὲν,

349 1521 399 1562 ’ὅτι
420 1522 562 1572 Κύπρῳ
576 1549 586 1565 ,
615 1541 628 1561 ο
656 1523 848 1570 mvndvm,
882 1524 900 1561 ὅ
931 1525 1168 1568 Βελβιιθείτης,
1193 1522 1392 1572 corrigens
1419 1520 1634 1564 Βελβινίτκςτ

347 1578 432 1621 sed,
448 1579 520 1626 qui
544 1584 622 1614 tam
643 1579 773 1615 multa
789 1579 837 1615 de
855 1579 1105 1615 nobilissima
1121 1579 1255 1614 insula
1271 1580 1403 1626 Cypro
1415 1577 1641 1625 collegerat,

345 1633 490 1670 mirari
509 1640 613 1669 certe
632 1634 794 1671 debuit.
820 1634 884 1670 hic
906 1639 1098 1682 tanquam
1126 1632 1349 1670 convitium
1376 1631 1471 1680 poni
1493 1631 1525 1668 si
1546 1630 1640 1679 quis

346 1689 505 1725 dicatur
532 1689 728 1736 Cyprius:
766 1689 941 1725 libenter
964 1689 1038 1725 ista
1069 1688 1124 1724 sic
1150 1687 1408 1736 corrigerem:
1441 1687 1499 1723 καὶ
1529 1682 1638 1723 ὅνειὸί-

347 1744 433 1790 ζουσι
457 1746 515 1784 μὲν
538 1740 586 1780 ’ὅτι
608 1742 760 1785 Κύθνιος.
786 1741 835 1780 ’ὅτι
856 1741 1045 1786 Μυκῶνιος,
1070 1741 1120 1781 ἔτι
1140 1740 1348 1785 Βελβινῆτης.
1375 1741 1590 1779 VALCK-

457 1796 601 1839 CAP·
628 1795 859 1837 CXXV'I.
887 1799 922 1834 5.
957 1798 1120 1846 στρκτοῦ,
1139 1795 1211 1834 τδν
1237 1794 1418 1845 Μαρδόνιος
1440 1790 1633 1842 ἐξελέξατο)

345 1852 506 1891 Nimiae
523 1852 844 1890 doctissimorum
863 1853 1046 1889 virorum
1070 1852 1112 1887 in
1137 1863 1201 1896 re,
1230 1862 1293 1886 me
1313 1850 1470 1894 iudice,
1498 1855 1637 1897 aperta

345 1907 640 1944 fluctuatione&
668 1907 900 1945 Mardonius
919 1909 1065 1956 legerat
1084 1906 1184 1951 sibi,
1204 1908 1333 1943 Xerxe
1353 1903 1547 1954 largiente
1560 1930 1570 1948 ,
1590 1914 1638 1939 ex

345 1962 583 1999 inmanibus
612 1962 698 1998 eius
725 1962 849 2010 copiis
869 1976 943 2000 ccc.
964 1961 1120 2004 millia;
1154 1974 1235 2009 quo
1259 1962 1302 1997 de
1330 1959 1516 1997 Mardonii
1539 1971 1639 1995 exer-

345 2021 418 2054 citu
444 2018 649 2056 Artabazus
680 2017 839 2056 adscitis
871 2030 926 2054 Lx,
961 2016 1150 2052 millibus
1174 2016 1386 2052 abeuntem
1420 2024 1547 2062 regem
1568 2012 1640 2048 sti-

346 2072 456 2121 pavit
491 2078 612 2121 atque
655 2071 702 2108 ad
738 2073 1044 2120 Hellespontum
1086 2070 1298 2108 comitatus
1339 2074 1418 2113 est,
1463 2066 1638 2104 reductis

345 2127 486 2165 iisdem
517 2127 759 2164 Thessaliam
784 2138 932 2166 versus.
975 2129 1032 2163 Ex
1067 2125 1179 2174 copia
1208 2124 1346 2173 itaque
1375 2121 1637 2171 discrepantis

345 2181 568 2231 scripturae
589 2179 646 2219 τδν
665 2178 775 2229 Μαρδ.
799 2181 966 2226 ἐξελέξατο
983 2180 1115 2230 selegi.
1148 2180 1330 2218 WESS.

456 2233 600 2275 CAP·
627 2232 880 2278 CXXI-II.
901 2238 936 2273 6.
965 2242 1062 2283 Κριτσ
1064 2238 1103 2276 ,Βῆ
1090 2232 1174 2282 ὗὶῳ
1203 2235 1373 2282 Τορωναίῳ
1393 2228 1635 2280 ἐπιτροπεύειν)

344 2293 433 2330 Non
462 2290 593 2327 ausim
619 2289 715 2326 hinc
747 2291 970 2340 quidquam
1003 2290 1163 2326 auferle
1190 2293 1262 2324 aut
1291 2288 1520 2324 demutare.
1553 2297 1636 2323 non

347 2346 434 2393 ἔπιτ·
438 2361 494 2383 em
497 2343 557 2382 υέιν
570 2371 579 2387 ,
602 2344 645 2382 in
666 2359 753 2381 cura
769 2352 802 2382 et
821 2347 1137 2382 administratione
1154 2344 1312 2380 civitatis
1335 2342 1544 2391 frequens,
1562 2340 1638 2377 lib.

344 2400 496 2436 111.15.
514 2405 553 2435 et
576 2401 662 2437 82*
682 2412 761 2436 non
782 2401 973 2461 Τορωναίῳ)
997 2399 1198 2448 siquidem
1219 2399 1400 2434 Toronaei
1418 2397 1452 2432 is
1470 2394 1636 2445 generis.

345 2454 403 2493 De
434 2448 546 2492 Valla
574 2435 684 2491 sileo.
724 2456 840 2491 Recte
867 2454 1106 2508 castigatur,
1135 2453 1184 2490 ad
1210 2465 1341 2492 unum
1372 2451 1634 2492 Critobulum
