1718 2919
311 266 405 304 AD
448 263 849 305 HERODOT.
886 265 939 305 V.
982 270 1145 317 95-97.
1306 265 1381 307 115

92 369 237 412 Ἰωνίαν,
265 368 519 411 innuamus-teve&
536 378 660 411 σεεκςι
693 374 731 405 et
750 370 834 406 Cel.
857 370 1073 405 Gronovium
1102 369 1175 405 lib.
1196 371 1266 406 IV.
1292 371 1381 414 145.

91 423 262 461 WESS.
295 443 344 449 —
389 424 450 459 Ad
479 425 546 460 IV.
582 424 651 467 145
667 452 676 468 ‚
699 438 734 473 9.
774 424 927 459 similia
964 425 1145 472 exempla
1180 425 1383 462 Gronovius

91 477 280 526 congessit
298 489 344 513 ex
362 479 423 514 III.
446 479 505 513 13.
522 480 569 514 V.
592 492 656 527 92.
676 485 715 513 et
735 480 803 516 VI.
819 490 882 528 97.
910 476 954 516 S.

151 546 186 582 9.
217 530 307 570 σόοι
337 530 436 577 εἶναι)
467 534 552 569 Cur
578 530 666 574 σόοι,
695 545 818 581 quam
839 534 937 574 σῶοι,
962 532 1202 578 maluerim,
1225 533 1381 571 dictum

93 586 140 624 ad
166 586 241 624 lib.
260 588 307 625 ll.
334 589 420 624 181.
454 586 635 624 WESS.

202 638 346 680 CAP.
365 638 577 679 XCVII.
604 641 665 678 15.
684 638 950 688 ὃιοιβοιλέειν)
980 641 1384 690 Aristagoraefallen-

93 697 131 732 di
159 695 338 732 studium
370 708 449 731 non
480 696 593 732 aliud
621 692 726 745 [nisi
747 697 839 740 hoc,
868 702 940 732 aut
969 702 1073 731 certe
1102 693 1376 740 διαβάλλειν,

94 763 174 786 non
204 747 465 800 μεταβκλέειν,]
494 751 758 787 desiderabat:
791 750 1064 798 praecedentia
1089 751 1325 796 ostendunt,
1343 759 1384 789 et

93 817 212 852 supra
231 817 264 840 c.
287 808 349 841 50.
379 807 560 842 WESS.

153 859 212 895 16.
245 863 349 906 τρεῖς
373 857 403 896 δὲ
429 858 646 907 μυριάδας
662 857 858 907 Ἀθκνκίων)
892 860 1028 896 Civium
1039 863 1245 897 Atticorum
1266 875 1384 898 nume-

93 928 152 951 rus
167 940 176 954 ,
196 914 266 962 qui
286 914 348 950 hic
368 914 417 950 ad
438 916 572 951 XXX.
594 917 718 958 millia,
742 918 883 962 magna
901 916 951 949 ab
970 915 1063 950 aliis
1084 916 1292 953 concordia
1311 924 1383 953 aut

92 969 252 1005 circiter
269 971 356 1005 XX.
378 969 563 1005 millium
581 976 653 1005 aut
681 970 819 1017 paullo
839 969 1015 1016 amplior
1035 969 1233 1017 proditur.
1264 972 1384 1020 Saepe

93 1036 117 1059 a
137 1023 413 1060 Grammaticis
441 1036 487 1059 ex
509 1025 757 1061 Demosthenis
779 1024 849 1059 Or.
869 1026 894 1061 Ι.
923 1024 966 1059 in
987 1025 1196 1073 Aristogit.
1223 1025 1385 1063 advoca-

98 1080 189 1122 tur,
215 1079 290 1116 εἰσὶν
311 1078 398 1120 effluo&
422 1075 640 1124 δισμύριοι
665 1077 786 1121 πάντες
803 1078 982 1118 Ἀθκνκῒσιτ
1010 1079 1058 1115 ad
1083 1092 1185 1126 quae
1203 1081 1384 1118 Oratoris

97 1132 320 1168 testimonia
338 1134 599 1181 Aristophanis
613 1162 621 1178 ,
651 1135 814 1170 Platonis
841 1139 879 1168 et
895 1134 1072 1169 aliorum
1091 1134 1301 1183 adscripsit
1321 1138 1385 1176 Cl.

96 1189 235 1238 Taylor·
266 1201 304 1235 p.
335 1188 445 1231 520„
480 1201 558 1224 non
591 1189 765 1237 neglecta
795 1187 1046 1224 differentiae
1078 1188 1195 1225 illius
1228 1196 1384 1238 caussa,

93 1254 194 1290 quae
217 1243 318 1278 mihi
339 1242 502 1290 quidem
525 1243 736 1291 praecipua
754 1243 797 1278 in
814 1242 980 1279 florente
999 1243 1173 1281 civitatis
1189 1252 1282 1281 ante
1299 1248 1385 1283 Per-

91 1296 218 1333 sicum
239 1304 278 1334 et
300 1298 674 1345 Peloponnesiacum
695 1298 850 1333 bellum
871 1304 975 1334 statu
998 1298 1170 1336 videtur.
1205 1301 1383 1340 WESS.

146 1353 238 1389 Ibid.
265 1355 372 1400 τρεῖς
394 1350 423 1390 δὲ
446 1350 653 1400 μυριάδας
673 1352 767 1400 Ἀθ.)
789 1354 832 1388 ln
853 1353 1053 1389 historicis
1072 1354 1253 1402 antiquis
1269 1368 1383 1404 saepe

91 1421 269 1443 numerum
292 1407 486 1443 vellemus
513 1407 804 1451 imminutum,
832 1407 875 1443 in
903 1421 983 1455 quo
1009 1409 1188 1457 augendo
1216 1411 1384 1448 modum.

92 1461 225 1507 nobis,
241 1462 416 1497 humane
434 1462 711 1511 loquentibus,
727 1463 919 1499 videntur
935 1463 1135 1499 excedere:
1155 1465 1218 1500 sed
1230 1492 1239 1510 ‚
1258 1466 1383 1503 libra—

92 1516 249 1552 riorum
268 1516 300 1553 si
323 1523 487 1554 tantum
501 1529 651 1553 errores
670 1517 893 1566 corrigendi
910 1524 1021 1563 sunt,
1043 1531 1122 1554 non
1139 1519 1383 1567 scriptorum

90 1571 256 1608 velanda
276 1578 450 1619 peccata,
480 1572 525 1607 in
557 1572 705 1608 talibus
725 1584 793 1621 ego
813 1572 975 1621 quidem
998 1574 1239 1621 scalpellum
1270 1575 1385 1613 criti-

91 1638 183 1662 cum
212 1639 291 1662 non
323 1626 597 1669 adhibuerim3
629 1627 671 1662 in
697 1628 856 1663 nullius
884 1628 1044 1675 scriptis
1072 1629 1229 1678 segnius
1257 1643 1381 1679 quam

89 1682 288 1725 Herodoti,
315 1682 357 1716 in
382 1684 532 1718 numeris
553 1682 708 1730 saepius
739 1682 1008 1719 immoderati.
1046 1685 1090 1719 In
1120 1684 1286 1720 historia
1306 1687 1382 1722 Ro-

90 1747 208 1771 mana
238 1743 463 1784 peccantem
495 1737 565 1773 hac
597 1744 707 1784 parte
731 1732 914 1774 Valerium
932 1741 1121 1774 Antiatem
1150 1738 1382 1787 frequenter

90 1790 255 1840 corrigit
282 1791 537 1839 hominisque
566 1792 715 1828 refutat
748 1792 1102 1840 intemperantiam
1130 1795 1265 1831 Livius.
1309 1798 1382 1832 Hic

89 1846 228 1882 Herod.
249 1846 297 1881 ad
315 1846 461 1895 viginti
480 1846 615 1882 millia
640 1847 771 1883 decem
801 1847 904 1883 forte
921 1848 1057 1883 millia
1077 1861 1197 1896 supra
1214 1849 1379 1895 adiecit3

91 1912 184 1936 nam
202 1901 302 1937 solos
319 1901 421 1937 cives
441 1901 593 1937 Atticos
618 1901 695 1937 sibi
722 1902 1010 1949 persuadendos
1034 1903 1204 1940 habebat
1227 1906 1383 1942 Arista—

90 1967 200 2003 goras
230 1955 379 2003 quibus
411 1956 473 1992 ius
506 1963 602 1992 esset
632 1956 868 2002 ἐκκλκτιοέξειν.
909 1957 1023 1995 Cives
1052 1958 1180 1994 Attici
1215 1959 1381 1997 diversis

93 2015 318 2057 temporum
353 2011 539 2046 articulis
558 2037 567 2055 ‚
597 2018 722 2047 aetate
752 2012 959 2060 Cecropis,
997 2013 1171 2049 Platonis
1190 2040 1200 2059 ,
1238 2015 1382 2052 Demo-

92 2064 259 2109 sthenis,
283 2065 458 2101 Phalerei
474 2066 693 2110 Demetrii,
710 2078 864 2114 semper
889 2067 1010 2103 fuisse
1040 2068 1260 2105 traduntur
1279 2072 1383 2106 circi-

93 2120 181 2154 citer
194 2122 279 2156 XX.
300 2123 412 2156 millia
431 2121 630 2165 hominum,
658 2120 743 2162 ὁμοῦ
764 2121 821 2168 (id
848 2128 904 2158 est
929 2122 1045 2166 ἐγγύς,
1068 2137 1200 2172 Prope,
1222 2123 1381 2173 circiter)

93 2169 261 2221 ὃισμύριαι.
307 2178 403 2211 Eam
436 2176 478 2210 in
513 2188 595 2211 rem
625 2188 727 2224 quae
756 2176 837 2211 dici
869 2185 1023 2224 possent
1055 2180 1316 2225 protulerunt
1351 2181 1381 2216 Ῑ.

95 2229 228 2265 Meurs.
252 2230 335 2266 Att.
359 2233 461 2266 Lect.
491 2233 518 2266 I.
549 2243 581 2267 c.
604 2243 634 2266 1.
664 2237 703 2266 et
732 2230 779 2266 de
804 2233 905 2268 fort.
924 2233 1010 2268 Att.
1036 2245 1068 2268 ea
1090 2242 1126 2277 4.
1152 2237 1189 2270 S.
1207 2235 1315 2271 Petit.
1335 2235 1380 2270 in

91 2282 201 2330 Legg.
223 2284 306 2320 Att.
327 2298 363 2332 p.
385 2285 471 2321 188.
490 2292 528 2321 et
545 2286 586 2321 P.
605 2286 832 2335 l‘Vessclzng.
855 2286 898 2321 in
914 2286 1080 2323 Diodori
1107 2290 1149 2323 T.
1166 2289 1213 2324 II.
1234 2302 1272 2337 p.
1287 2303 1377 2337 27²·

94 2336 174 2383 Qui
204 2340 359 2375 Meursio
388 2339 541 2375 dicitur
567 2340 742 2376 incertus
769 2348 909 2377 auctor
932 2341 1039 2389 apud
1059 2344 1301 2393 Hesychium,
1324 2351 1382 2380 est

90 2391 365 2438 Demosthenes5
391 2395 505 2430 cuius
528 2394 720 2431 adhibent
740 2396 873 2431 locum
897 2397 1158 2433 Grammatici
1188 2399 1234 2433 ad
1260 2399 1377 2435 istam

91 2444 174 2481 vim
206 2448 309 2483 vocis
341 2447 428 2489 ἐμοῦ
460 2449 714 2486 firmandam.
760 2452 818 2486 De
849 2465 992 2486 numero
1022 2454 1146 2487 civium
1172 2456 1381 2489 Atticorum

89 2506 243 2548 agentes
261 2502 354 2539 haec
371 2504 550 2540 Herodoti
565 2517 636 2541 suo
653 2505 738 2541 loco
757 2505 1016 2553 reliquerunt
1036 2505 1184 2544 intacta
1200 2534 1210 2553 ,
1229 2508 1380 2555 quibus

1021 2563 1056 2597 H
1085 2574 1104 2595 2
