1718 2919
314 186 397 226 308
614 181 1409 222 ADNOTATIONES-

313 290 415 327 nist.
441 288 609 327 Mauric.
644 287 720 324 lib.
746 289 809 324 ΙΙΙ.
830 289 866 324 8.
908 290 996 325 Non
1021 288 1279 337 requiretur,
1310 288 1446 333 credo,
1479 288 1614 327 simile

311 345 490 382 aliarum
511 343 724 380 nationum
745 342 953 390 opprobrii
975 341 1098 380 virus.
1140 343 1240 389 Quis
1260 343 1485 393 Virgiliani
1510 344 1616 380 obli-

312 400 484 437 viscitur
496 425 506 444 ‚
529 400 563 436 O
579 413 658 436 vere
681 400 867 449 Phrygiae
879 426 887 442 ‚
915 411 1023 447 neque
1041 400 1135 434 enim
1153 399 1316 448 Phryges
1328 427 1337 443 ,
1358 398 1526 436 Aeneid.
1543 401 1612 437 IX.

315 455 406 501 617.
424 454 496 491 ubi
513 453 561 490 de
581 453 704 491 Persis
723 454 754 490 Ι.
772 454 866 491 Lud.
883 455 921 489 la
939 453 1056 490 Cer-da
1076 452 1239 502 egregie.
1261 453 1432 491 WESS.

374 522 386 545 1
399 523 434 546 2.
460 511 522 547 καί
539 524 595 551 μιν
621 508 790 546 ἐπιθέοντα
809 516 858 555 <Dp
871 508 1023 550 ασθεὶς
1045 506 1139 556 etc.)
1171 506 1392 544 Pristinum
1421 506 1507 551 Φθοές
1525 520 1612 545 sen-

312 565 464 608 tentiae¹
480 575 720 613 congruere,
748 563 899 612 largior
917 568 1038 610 atque
1058 575 1223 612 agnosco
1246 562 1368 599 ultro.
1410 562 1482 600 Sed
1500 563 1612 600 enim

312 625 422 656 tanta
450 618 644 656 Codicum
663 617 829 665 adparet
848 616 1073 662 consensio,
1105 617 1234 653 iussus
1256 617 1350 653 adeo
1374 629 1539 667 urgens,
1567 623 1613 655 ut

310 674 580 711 obedientiam
607 673 841 721 relinquere
859 673 1051 708 abnuam.
1080 673 1254 719 Φρκτθεὶς,
1280 673 1492 709 aduertens.-
1524 671 1613 721 Φρά-

312 731 418 776 ξεσθκι
444 735 483 766 et
507 726 741 776 ἐπιωροέξεο-θαι
761 740 846 775 cap.
868 740 929 776 ¹9·
957 732 996 762 et
1017 726 1059 761 in
1081 728 1185 763 Porti
1213 738 1317 773 penu
1343 726 1613 774 copiosissima

309 790 418 821 sunt.
444 783 594 821 Vicino
612 781 773 830 οέρποέζειν
793 783 891 824 μέσον
910 778 1002 832 [lin.
1029 781 1071 816 15
1096 776 1194 831 seq.]
1215 783 1307 817 Livii
1327 781 1535 829 respondet
1550 796 1614 818 ar-

309 841 398 888 ripit
416 839 563 876 medium
581 838 759 882 Servium,
781 836 856 873 lib.
874 837 902 872 1.
923 837 989 880 48.
1008 843 1047 872 et
1073 837 1243 887 Dionysii
1268 836 1311 871 in
1332 836 1468 873 eadem
1490 837 1612 874 histo·

310 894 372 930 ria
385 920 395 940 ‚
425 895 580 940 μεῖέωρον
599 889 812 940 ἐξκρπνῖσσις,
840 891 1022 928 sublimem
1042 893 1200 939 rapiens.
1221 891 1399 928 WESS.

380 962 391 984 1
404 961 440 984 2.
481 948 645 985 ἐπιθέοντα
675 955 699 989 φ
711 947 726 983 θ
739 944 763 984 εὶ
775 962 789 989 ς
806 944 817 993 )
853 947 1052 983 Irruentem
1086 959 1105 982 c
1117 960 1135 982 e
1147 960 1166 982 r
1178 961 1200 982 ιι
1211 961 1229 983 e
1242 961 1266 982 n
1278 960 1294 982 s
1307 975 1316 991 ,
1356 946 1489 983 Valla:
1528 959 1611 984 non·

309 1003 383 1039 ille
405 1002 508 1046 φέοές,
543 1001 607 1038 sed
638 1001 736 1050 legit
758 1001 802 1036 in
824 1014 895 1037 suo
918 1001 1013 1039 Cod.
1034 1003 1202 1048 ῶρασᾶεὶς,
1238 1001 1344 1050 quod
1365 1001 1408 1036 in
1429 1002 1546 1039 Arch.
1573 1008 1613 1039 et

308 1060 417 1096 Eton.
448 1058 662 1095 inventum
696 1055 858 1092 exhibet
886 1056 1008 1092 etiam
1029 1067 1165 1106 margo
1183 1057 1250 1092 Ed.
1265 1057 1388 1105 Steph.
1428 1059 1610 1104 Φρκσθεὶς,

308 1114 533 1160 ἐπιφρασθεὶς,
563 1117 601 1147 et
628 1112 872 1158 καταφρασθεὶς
893 1112 1080 1148 Herodoto
1101 1111 1144 1146 in
1175 1111 1298 1147 istum
1317 1123 1478 1148 sensum
1496 1111 1614 1148 adhi-

305 1169 477 1211 bentur3
507 1166 570 1202 sed
605 1177 736 1213 neque
766 1165 943 1202 alterum
975 1164 1185 1209 φόοὶςὺὶηε
1213 1166 1396 1202 alienum
1427 1172 1506 1211 est,
1538 1167 1612 1203 hac

305 1222 428 1259 etiam
451 1226 692 1269 usurpatum
713 1226 916 1257 structura
935 1237 941 1255 z
969 1220 1052 1256 vid.
1071 1219 1119 1257 ad
1141 1221 1283 1257 Phoen.
1302 1222 1426 1270 Eur-ip.
1445 1234 1499 1258 vs.
1517 1223 1611 1272 982.

306 1275 396 1320 Φθοές
421 1277 454 1313 si
482 1277 557 1324 qui
579 1275 677 1311 dant
707 1274 889 1320 Codices,
922 1274 1051 1313 videri
1081 1276 1183 1312 sorte
1214 1275 1360 1324 poterit
1386 1282 1610 1325 utrumque

307 1331 482 1380 posuisse
503 1331 733 1367 Herodotus:
754 1333 814 1366 κοιί
833 1345 888 1369 μιν
904 1355 914 1372 ,
941 1331 1105 1367 ἐπιθέοντα
1126 1332 1295 1378 αἴρου-θεὶς,
1315 1329 1402 1374 aaa&
1417 1330 1610 1380 Ξειναγόρης

304 1407 322 1415 -
341 1407 359 1415 -·
381 1408 396 1414 -
418 1385 560 1435 οἱρποέξει
579 1385 706 1430 μέσον,
740 1386 797 1421 καὶ
820 1383 938 1431 ἐξᾴξας
956 1387 1048 1422 παίει
1067 1385 1096 1427 ἐς
1113 1384 1171 1425 τήν
1192 1386 1278 1427 miv:
1310 1399 1410 1434 quem
1424 1415 1432 1429 ,
1456 1399 1533 1422 cum
1549 1399 1612 1422 ac-

303 1449 505 1479 currentem
529 1446 708 1484 cerneret,
728 1446 959 1488 praevertens
989 1441 1210 1490 Xenagoras
1233 1460 1250 1467 -
1269 1460 1285 1467 -
1304 1460 1320 1468 ο
1339 1442 1489 1477 medium
1514 1443 1613 1478 arri·

299 1499 376 1547 pit,
396 1504 430 1533 et
452 1496 630 1534 sublatum
657 1497 695 1531 in
719 1501 853 1531 terram
870 1496 1024 1531 statuit:
1047 1501 1092 1530 ut
1110 1494 1218 1542 apud
1248 1496 1474 1540 Terentium,
1501 1496 1612 1533 subli-

305 1566 392 1589 mem
413 1553 562 1589 medium
584 1552 779 1598 arriperem
793 1579 802 1594 ,
829 1556 864 1586 et
883 1552 1001 1599 capite
1014 1563 1169 1598 pronum
1190 1552 1228 1586 in
1247 1557 1382 1587 terram
1402 1557 1611 1588 statuerem.

305 1605 524 1655 συναρπάσας
544 1605 632 1654 ἐξῇρε
658 1610 715 1640 est
740 1604 783 1639 in
811 1605 983 1654 Xenoph.
1008 1611 1089 1651 Κυς.
1110 1602 1210 1642 Παιδ.
1235 1618 1274 1653 p.
1296 1605 1342 1642 35
1358 1632 1369 1649 ,
1389 1606 1481 1650 540.
1505 1604 1609 1654 ’Ἄρας

304 1662 459 1710 μετέωρον
482 1661 524 1704 εἷς
540 1659 580 1698 ro*
595 1658 753 1708 Βάραθρον
768 1660 932 1703 ἐμβαλῶ,
957 1661 1151 1708 Aristoph.
1163 1662 1234 1707 Eq-
1258 1673 1269 1695 1
1282 1660 1300 1696 3
1311 1661 1373 1710 59.
1390 1662 1468 1697 VA
1479 1662 1544 1697 LC
1558 1663 1608 1698 K·

364 1730 409 1767 19
430 1730 504 1765 seq.
533 1714 768 1762 πορευομένων,
800 1712 886 1752 ου’ἓέν
906 1713 955 1752 ἔτι
980 1712 1076 1763 etc.)
1106 1714 1204 1750 Dedi
1226 1715 1378 1752 schedis
1406 1716 1609 1753 Gronoviu-

302 1782 382 1820 que
395 1797 406 1816 ‚
432 1777 471 1807 et
488 1767 665 1818 βαρβάρων
684 1781 818 1805 vocem
837 1769 879 1804 in
903 1769 1076 1806 exilium
1096 1768 1177 1819 egi;
1202 1770 1460 1808 necessariam
1484 1770 1610 1807 mini-

302 1838 367 1862 me
393 1838 496 1870 esse,
529 1824 801 1873 praecedentia
833 1831 1147 1861 conmonstrant.
1176 1827 1220 1861 In
1249 1826 1510 1874 sequentibus
1532 1825 1608 1862 mi·

304 1881 476 1918 nuendis
504 1880 671 1916 modum
701 1879 855 1915 excedit
882 1881 1075 1917 Mediceus.
1114 1879 1218 1917 Vide
1238 1881 1425 1927 superius
1443 1881 1518 1917 lib.
1536 1883 1607 1919 VI.

304 1947 370 1982 42.
398 1935 669 1973 Verissimum
690 1932 779 1979 [lin.
801 1930 891 1985 22.]
913 1934 946 1979 ἐξ
966 1934 1174 1974 Ἀθηνέων.
1208 1936 1377 1973 WESS.

411 1989 557 2031 CAP.
580 1986 780 2028 CVIII.
803 2002 821 2024 2
842 2004 916 2040 seq.
947 1989 988 2033 ὥς
1013 1987 1044 2026 δέ
1073 1991 1100 2027 οἱ
1129 1986 1410 2040 προσπέμποντι)
1443 1990 1533 2038 Quo
1551 1990 1606 2027 sit

301 2058 417 2083 sensu
451 2044 692 2094 capiendum
726 2045 798 2080 hoc
824 2046 1017 2088 verbum,
1051 2043 1211 2080 erudite
1235 2044 1374 2081 docuit
1402 2045 1467 2081 vir
1492 2046 1604 2084 clar.

300 2102 346 2138 in
370 2101 537 2139 Miscell.
555 2100 649 2136 Obs.
666 2101 765 2137 Nov.
781 2101 823 2135 Τ.
844 2101 908 2136 Ill.
935 2113 972 2147 p.
993 2113 1029 2144 7.
1061 2101 1112 2135 Ut
1131 2097 1252 2142 λέγους
1267 2101 1516 2147 προσπέμπειν,
1545 2100 1603 2138 sic

299 2159 518 2206 προσενεγκεῖν
539 2153 659 2196 λόγους
682 2156 752 2201 περὶ
778 2156 948 2197 συνουσίας
965 2154 1072 2190 dixit
1092 2154 1301 2202 Xenophon
1317 2161 1394 2202 Κυρ.
1414 2152 1515 2193 Ποιιδ.
1533 2158 1603 2192 VI.

301 2225 339 2260 p.
361 2224 406 2262 9¹
422 2237 432 2256 ‚
458 2224 488 2247 1.
510 2216 549 2246 et
561 2211 714 2246 Lucian.
726 2211 768 2245 T.
786 2210 815 2245 Ι.
830 2207 959 2259 [Dial.
977 2210 1094 2246 Deor.
1122 2211 1191 2246 VI.
1211 2205 1265 2259 2.]
1286 2222 1325 2257 p.
1339 2223 1357 2244 2
1371 2221 1430 2257 17.
1444 2236 1454 2247 .
1471 2209 1540 2246 uhi
1560 2209 1603 2248 τδ
1654 2241 1671 2254 ,.

299 2267 438 2314 πειρςῖν,
469 2265 512 2300 in
534 2264 706 2301 eundem
725 2275 887 2300 sensum
915 2264 1038 2314 magis
1061 2264 1386 2312 frequentatum,
1417 2265 1603 2301 tractavit

299 2320 380 2358 Vir
396 2332 591 2357 summus.
634 2323 803 2356 Amorem
826 2321 978 2363 Xersis,
1009 2318 1146 2355 fratris
1170 2331 1332 2356 uxorem
1359 2319 1506 2356 frustra
1525 2320 1603 2356 sol-

297 2374 518 2420 licitantis,
546 2373 642 2410 hinc
659 2374 794 2422 attigit
815 2375 956 2411 Tzetzes
977 2374 1112 2410 Chilia
1129 2374 1152 2409 1.
1175 2375 1220 2411 ΙΙ.
1240 2387 1295 2410 vs.
1319 2374 1355 2410 (3.
1386 2377 1524 2418 Errat,
1554 2380 1601 2410 ut

297 2429 454 2479 saepius
471 2430 515 2466 in
535 2429 722 2475 historia,
747 2431 930 2468 Maximus
956 2430 1088 2479 Tyrius
1113 2431 1260 2467 XXVI.
1289 2441 1323 2475 7.
1356 2431 1426 2465 uhi
1451 2431 1600 2467 Xerxes
