1718 2919
295 271 402 310 AD
444 270 840 311 HERODOT.
879 271 932 312 v.
965 272 1129 323 55-57.
1314 276 1365 316 53

73 373 287 424 aliquoties
311 374 510 422 expoliri,
547 379 592 410 ut
617 376 760 411 Graeca
790 386 950 423 quoque
979 375 1208 423 legerentur
1232 386 1366 412 emen·

76 430 219 466 datius.
247 431 461 466 VALCK.

134 497 170 531 7.
200 482 251 521 ἐπ
279 482 357 521 ξἐτοε
391 481 606 531 τέσσερα)
638 483 866 534 Thucydides
893 485 961 521 VJ.
993 484 1055 534 59.
1081 483 1252 532 Hippiae
1279 460 1365 533 post

77 538 213 576 fratris
241 550 374 574 necem
406 538 658 587 tyrannidem
692 538 803 575 tribus
829 540 935 575 annis
956 538 1168 582 terminat,
1199 539 1365 577 totidem

75 593 207 631 Plato
197 606 240 629 in
254 594 480 641 Hipparcho
500 607 538 641 p.
558 606 648 643 229.
662 607 716 638 3.,
732 592 839 628 nihil
853 593 1068 629 admodum
1084 595 1264 631 Herodoti
1279 609 1367 645 qua-

77 656 159 685 tuor
173 650 279 685 annis
299 648 532 693 officientes,
562 648 677 684 modo
697 661 789 683 cum
809 649 861 684 H.
882 649 1070 685 Dodwello
1089 650 1241 685 Annal.
1257 649 1366 685 Thu-

76 704 161 751 cyd.
181 717 220 751 p.
239 714 305 747 42.
333 709 408 739 tres
432 703 578 752 integri
610 710 648 739 et
677 708 845 751 quartus
875 703 1083 740 inchoatus
1107 704 1279 752 Hippiae
1307 710 1365 752 ty-

76 771 203 795 ranno
238 765 323 806 post
357 758 576 806 Hipparchi
608 757 826 795 violentam
858 764 1025 794 mortem
1061 759 1362 807 relinquantur.

77 813 188 862 Quod
217 813 393 850 Criticus
415 820 548 849 autem
577 813 621 848 ‘id
649 813 893 861 Aristophan.
920 813 1079 861 Lysistr.
1100 827 1154 850 vs.
1183 815 1274 864 619.
1301 830 1366 852 κοι-

80 869 178 914 τέτχε
198 864 269 905 δὲ
248 885 265 908 n
285 885 427 916 τυραννίς
447 869 498 906 ε’πι
518 866 576 906 ἐτκ
600 867 646 910 χ’.
669 868 696 905 οἱ
723 871 752 904 οὲ
743 892 774 910 ε,
801 882 839 904 ο.
882 867 963 916 ‘Hae'
947 867 997 905 30
1001 886 1052 911 τος
1079 866 1109 906 δὲ
1140 886 1202 906 στ.
1231 881 1365 905 errore

77 935 157 959 non
172 929 303 968 v‚acat
331 929 370 958 et
394 929 545 959 mutata
561 924 775 959 verborum
793 923 880 959 sede
902 923 990 958 tolli
1018 930 1155 971 potest.
1182 926 1283 962 Nam
1304 938 1365 961 sea:

74 990 169 1014 eum
186 992 301 1014 annos
322 977 386 1013 hic
408 978 618 1026 reperisse,
649 990 728 1013 non
754 978 881 1014 credo.
908 980 1081 1016 WESS.

185 1031 328 1072 CAP.
353 1031 488 1071 LVI.
522 1034 555 1069 5.
581 1034 687 1074 Τλῖἷθι
717 1034 815 1070 λέων
837 1031 933 1081 etc.)
965 1036 1009 1069 ln
1036 1033 1238 1077 versibus,
1270 1035 1366 1082 Hip-

68 1088 209 1137 parcho
227 1088 386 1124 fatalem
405 1088 559 1124 exitum
587 1088 946 1136 praesagientibus,
965 1089 1072 1123 nihil
1100 1089 1260 1125 innovo.
1285 1089 1366 1126 Vir

77 1143 212 1180 doctus
231 1139 399 1193 [Reisk.]
429 1144 533 1183 Τλῆθι
566 1140 590 1179 δ’
619 1141 699 1185 ἔων,
730 1146 740 1178 i
766 1156 871 1192 ergo,
903 1147 1036 1188 tolera,
1062 1149 1101 1179 et
1126 1142 1223 1186 οὐδεὶς
1246 1140 1363 1191 ἅνθρω-

76 1214 136 1236 mv
157 1195 280 1242 ρίδικῶν
300 1199 474 1247 fingebat
488 1225 497 1242 ,
518 1199 633 1247 longe
651 1211 672 1233 a
692 1199 848 1234 Brodaei
870 1198 917 1233 ad
940 1199 1108 1235 Anthol.
1128 1198 1281 1235 iudicio
1307 1210 1365 1234 re-

73 1252 223 1296 cedens.
242 1254 374 1292 WES
385 1254 421 1290 S.

132 1321 169 1355 7.
197 1307 432 1356 ὑπερτιθέμενος
458 1306 716 1357 ὄνειροπᾶλεισι)
755 1308 898 1345 Eadem
926 1309 987 1346 τοῧ
1013 1305 1238 1351 δεισιδαίμονος
1270 1308 1366 1344 reli-

74 1362 139 1412 gio
160 1363 360 1412 eleganter
380 1363 422 1398 in
444 1364 687 1411 Theophrasti
705 1365 822 1400 Char.
842 1376 873 1400 c.
900 1377 911 1399 1
924 1365 958 1399 6.
975 1364 1128 1411 expieta
1146 1379 1153 1396 z
1173 1362 1220 1398 ad
1239 1376 1363 1411 quam

76 1417 303 1462 ἀπειπάμενος
325 1416 382 1459 τήν
414 1416 495 1462 ὄψιν
521 1417 641 1453 ctiam
669 1414 762 1468 [lin.
790 1416 852 1469 8.]
880 1418 1081 1467 pertinere
1103 1417 1269 1466 opinor,
1298 1430 1366 1454 ne-

74 1485 153 1520 que
181 1474 275 1509 a'deo
301 1480 460 1535 spretam
484 1476 677 1518 visionem,
708 1474 770 1510 sed
799 1474 886 1510 eius
913 1473 1181 1521 expiationem
1212 1479 1251 1508 et
1279 1473 1367 1511 α’πο-

73 1526 279 1571 τροπιασμδν
299 1528 434 1564 innui.
469 1528 574 1565 Vide
594 1529 843 1565 Casaubonum
860 1529 906 1564 ad
930 1529 1176 1577 Theophrast.
1193 1534 1232 1564 et
1249 1530 1366 1577 Span-

73 1583 223 1619 hemium
250 1583 292 1618 in
320 1583 471 1620 Comici
496 1585 595 1619 Ran.
616 1596 671 1619 vs.
698 1585 768 1626 157
778 1599 813 1635 9
844 1587 902 1622 W
914 1584 1025 1621 ESS.

184 1635 329 1677 CAP·
358 1635 522 1676 LVII.
557 1651 590 1675 1.
618 1639 662 1675 Οἱ
689 1636 718 1676 οὲ
751 1627 801 1677 Γε
814 1647 891 1686 <Duff
905 1655 997 1676 αισι
1029 1634 1132 1688 etc.)
1175 1638 1366 1689 Gephy-

72 1706 234 1738 raeos,
271 1695 365 1730 necis
392 1694 598 1742 Hipparchi
624 1701 807 1739 auctores,
833 1694 1037 1730 Bochartus
1064 1695 1215 1730 Chinan
1243 1694 1316 1730 lib.
1336 1695 1365 1730 Ι.

77 1760 140 1784 21.
162 1753 201 1785 et
224 1751 402 1785 Meursius
426 1751 511 1785 Att.
533 1751 635 1784 Lect.
656 1752 707 1785 V.
729 1750 791 1784 31.
821 1748 892 1784 tali
921 1748 1133 1797 diligentia
1162 1753 1201 1783 et
1229 1748 1367 1783 erudi-

76 1802 184 1840 tione
213 1803 500 1848 illustrarunt,
537 1809 582 1839 ut
609 1803 702 1839 aliis
734 1803 862 1839 otium
898 1803 1078 1839 fecerint.
1130 1804 1366 1839 Plutarchum

74 1858 354 1907 neglexerunt,
383 1858 648 1910 malignitatis
676 1858 869 1903 crimine,
897 1857 1014 1894 cuius
1044 1859 1270 1894 Herodotum
1298 1871 1366 1907 po-

72 1914 198 1950 stulat
210 1915 252 1950 Τ.
271 1915 317 1950 11.
338 1926 377 1962 p.
400 1916 492 1952 860.
510 1930 565 1960 E.,
586 1915 692 1951 haud
710 1913 936 1949 inmunem.
967 1915 1092 1949 Ea—ne
1108 1913 1339 1962 malignitas
1355 1941 1366 1959 ‚

75 1967 201 2017 gentis
228 1980 361 2005 veram
385 1975 423 2006 et
453 1970 704 2019 peregrinam
731 1968 928 2018 originem
957 1968 1149 2018 vestigare
1173 1974 1212 2004 et
1237 1968 1367 2005 decla-

76 2030 193 2059 rare?
224 2023 295 2060 Sed
330 2022 467 2061 doctus
496 2025 668 2073 scriptor
696 2024 795 2060 dum
828 2023 958 2068 rodit,
995 2023 1058 2059 sui
1095 2022 1366 2064 obliviscitur.

75 2078 253 2117 WESS.

129 2134 218 2170 lbid.
248 2135 291 2172 Οἱ
318 2131 348 2172 δὲ
376 2138 613 2183 Γεφυραῖοι
642 2129 742 2184 etc.)
775 2133 850 2169 Ubi
880 2133 924 2169 in
950 2133 1126 2170 Aristidis
1150 2133 1365 2172 Panathen.

77 2189 163 2224 T.1.
190 2186 226 2236 p.
257 2202 368 2239 ¹90·⁷
394 2191 507 2226 velut
530 2192 578 2225 ab
602 2189 917 2226 Atheniensibus
945 2187 1092 2236 recepti
1123 2195 1280 2236 praeter
1307 2202 1366 2226 ce-

79 2248 178 2279 teros
204 2243 398 2281 dicuntur
421 2247 637 2293 Ταναγραίων
668 2246 694 2282 οἱ
719 2242 964 2289 μεταστάντες,
992 2243 1133 2291 Δωριέων
1159 2250 1208 2281 Πε
1210 2243 1366 2286 λοποννῆ-

80 2314 136 2335 σου
158 2314 195 2334 κο
184 2298 409 2345 ατκσοίντων,
432 2316 498 2338 vno
519 2317 583 2337 των
601 2298 751 2343 εἰξάντων
770 2297 956 2337 οἷνοεστάντε
960 2316 991 2343 ς.
1013 2298 1220 2335 Scholiasta
1237 2305 1365 2336 mstus

77 2352 142 2387 hic
162 2354 342 2390 Herodoto
362 2361 521 2391 narrata
542 2354 723 2402 respicit:
747 2352 898 2398 τούτους,
920 2354 1000 2399 ait,
1023 2369 1096 2395 τους
1115 2356 1364 2402 Ταναγραίους,

77 2423 125 2450 μὴ
152 2410 362 2452 βουλομένους
387 2409 496 2448 αὐτοῖν
523 2409 735 2453 ὑπακουσαι,
773 2426 798 2447 οι
835 2411 979 2449 Θηβαῖοι
1016 2409 1181 2452 ἐξέβαλον·
1213 2408 1240 2446 οἱ
1264 2405 1295 2446 δὲ
1322 2410 1363 2453 εἷς

79 2478 142 2504 τας
160 2461 293 2505 Ἀθήνας
320 2463 459 2507 ἐλθόντες
488 2462 631 2513 dinuo-cm·
662 2466 827 2508 μέμνηται
859 2461 888 2501 δὲ
914 2464 974 2506 τῖς
998 2464 1138 2511 ἱστορίας
1167 2460 1360 2506 Ηρόδοτος,

80 2519 271 2564 Γεφυραίους
301 2520 372 2561 τούς
399 2522 626 2567 Ταναγραίους
651 2519 778 2557 καλῶν.
806 2514 985 2568 [Attigit
1008 2518 1129 2555 etiam
1153 2518 1305 2563 suidas,
1326 2523 1365 2555 et
