1718 2919
253 214 360 254 AD
402 213 798 254 HERODOT.
835 215 1078 265 VIL184.
1111 216 1201 256 185.
1342 222 1387 260 15

95 320 253 357 cessisse.
281 320 326 356 In
341 319 519 356 animosa
537 321 794 369 Xenophontis
809 320 1062 369 Imperatoris
1076 321 1257 356 oratione
1272 319 1390 361 Ἀναβ.

98 377 152 413 V.
175 387 213 423 p.
231 382 330 420 214,
354 388 416 412 21.
448 374 587 414 110153'
612 375 705 418 ὑμαῖς
728 373 877 426 (scrib.
897 376 984 412 ποιῶ
1006 372 1042 416 δὴ
1072 372 1196 425 ὗμὸἶς)
1218 376 1390 419 ε”ξκποιτνι-

101 429 222 472 θέντας
241 449 260 458 ·-
279 450 297 458 -
317 428 375 466 ὑπ’
398 430 480 473 ἐμοῦ
498 428 583 470 ἥκειν
611 430 652 472 εἷς
673 432 793 468 <bio-w·
818 433 876 468 καὶ
896 428 931 471 δὴ
951 432 1008 466 καὶ
1029 428 1252 470 οἷποβοιίνσμεν
1272 431 1314 473 εἷς
1330 430 1388 472 τήν

97 482 225 532 χώραν.
252 485 392 521 Herod.
421 484 548 529 infra,
578 496 611 521 c.
638 486 745 530 186„
765 487 824 523 κκὶ
849 482 886 526 δή
910 493 1014 528 σφεας
1040 485 1137 521 ποιέω
1159 483 1244 527 ἴσους
1265 486 1388 528 ἐκείνοις

94 537 189 576 εἶναι.
204 539 360 576 VALC
370 541 422 576 K.

154 593 219 630 26.
246 595 410 636 πλὶἷθος
429 594 640 635 συντιθέμενον
656 590 674 644 )
693 593 810 632 Nihil
831 594 904 629 hoc
919 592 1053 630 verius
1073 604 1173 635 esse,
1201 595 1389 641 praemis-

95 660 136 684 sa
150 647 368 685 declarant.
398 648 679 685 Certissimum
712 655 909 696 praeterea
934 645 1028 699 [lin.
1059 644 1148 699 28.]
1178 651 1235 686 καὶ
1258 647 1388 694 δεκοές

96 714 144 739 ex
171 703 474 751 conputatione,
505 716 628 751 quam
659 706 715 741 καὶ
738 701 865 746 δεκάδες
884 701 938 740 δύο
968 703 1179 740 manifesto
1206 704 1388 751 violant,

96 758 352 806 praecedente
370 774 377 793 ε
415 758 463 794 ad
498 758 671 794 calculos
707 758 781 807 qui
819 758 964 795 sederit
980 785 990 802 ‚
1030 758 1136 794 haud
1169 758 1388 797 dubitabit.

94 813 272 852 WESS.
294 833 345 840 -—-
373 812 596 862 Colligitur
613 825 707 849 sane
726 813 910 849 universa
929 813 1003 849 ista
1020 826 1177 849 summa
1200 814 1384 860 2517610

92 878 139 903 ex
155 868 327 905 summis
348 868 664 917 particularibus
683 874 775 905 ante
798 868 950 915 positis.
985 868 1220 905 Conficiunt
1239 869 1348 906 enim

153 935 253 970 1207
287 934 311 959 κ
347 937 422 960 200
455 922 546 972 (lin.
574 924 593 960 5
622 937 717 973 seqq.
735 925 837 961 huius
856 921 966 974 cap.)
1023 950 1034 960 .
1090 950 1100 960 .
1156 949 1166 960 .
1225 933 1385 969 241400

151 990 250 1025 1207
287 985 310 1011 Ὰ
349 979 396 1015 50
426 977 523 1029 (lin.
553 979 571 1014 8
593 976 715 1028 seqq.)
785 1004 1138 1016 ......
1252 979 1384 1015 56210

149 1032 250 1069 5000
285 1044 309 1070 κ
347 1035 396 1070 80
423 1032 523 1085 (lin.
556 1034 599 1070 15
629 1031 755 1083 seqq.)
788 1059 1140 1071 ......
1225 1043 1384 1078 240000

144 1117 258 1153 Unde
277 1117 412 1166 prodit
425 1131 582 1155 summa
597 1118 804 1166 copiarum
822 1117 1029 1154 navalium
1054 1116 1143 1168 (lin.

97 1168 288 1223 lssseqq.)
314 1198 1139 1213 .............
1226 1178 1383 1225 517610

144 1226 215 1263 His
233 1227 426 1264 accedunt
447 1228 596 1276 pedites
615 1225 710 1278 (lin.
739 1241 756 1263 2
770 1241 801 1264 1.
815 1228 908 1264 coll.
923 1242 953 1264 c.
977 1226 1068 1277 60.)
1127 1256 1138 1268 .
1200 1245 1383 1280 1700000

143 1282 298 1331 equites
324 1281 417 1334 (lin.
437 1297 500 1320 22.
520 1284 612 1321 coll.
636 1297 667 1320 c.
686 1281 782 1332 87.)
857 1309 1139 1323 .....
1251 1289 1383 1324 80000

143 1338 306 1374 camelis
329 1344 368 1375 et
396 1338 586 1375 curribus
610 1339 711 1375 vecti
743 1334 889 1388 (thid.)
925 1365 934 1375 .
992 1364 1003 1375 .
1061 1365 1072 1376 .
1126 1365 1144 1380 .
1252 1355 1383 1379 20000

1316 1403 1384 1410 ...-

147 1425 262 1461 Unde
295 1426 430 1474 prodit
461 1427 668 1474 copiarum
699 1439 745 1463 ex
773 1427 869 1463 Asia
895 1426 1141 1463 transducta-

65 1474 180 1515 'rum
200 1492 381 1526 summa,
407 1492 510 1530 quae
537 1482 601 1517 hic
628 1482 870 1518 subducitur
926 1507 936 1517 .
993 1507 1004 1517 .
1059 1508 1071 1518 .
1127 1508 1141 1520 .
1198 1483 1383 1531 2517610

143 1536 226 1571 Iam
255 1535 317 1571 his
348 1548 465 1584 porro
499 1536 692 1572 accedunt
733 1537 892 1572 navales
927 1536 1064 1584 copiae
1097 1548 1144 1573 ex

86 1589 253 1626 Thracia
267 1590 638 1638 etvicinisinsulis,
664 1604 736 1627 120
761 1603 784 1627 κ
817 1604 892 1627 200
915 1589 1016 1640 (cap.
1038 1594 1108 1628 185
1124 1617 1136 1638 ‚

94 1655 107 1678 1
133 1641 264 1695 seqq.)
308 1671 1066 1684 ............
1128 1673 1140 1684 .
1250 1656 1382 1694 24000

141 1706 181 1736 et
208 1705 410 1737 terrestres
438 1701 573 1749 copiae
589 1713 636 1738 ex
651 1700 798 1737 eisdem
824 1701 1053 1751 regionibus
1080 1699 1097 1751 (
1112 1716 1144 1739 c.

92 1755 165 1790 185
180 1781 191 1800 ,
213 1768 233 1802 7
255 1754 379 1805 seqq.)
444 1781 1140 1796 ...........
1222 1758 1382 1795 500000

140 1842 254 1879 Unde
287 1843 469 1880 hominum
497 1851 720 1880 armatorum
743 1839 818 1894 (in
853 1857 1029 1892 quorum
1055 1843 1148 1892 qui-

84 1896 175 1933 dem
196 1909 366 1934 numero
386 1899 508 1935 etiam
532 1899 697 1948 remiges
719 1896 1139 1949 comprehenduntur)

86 1952 222 2000 prodit
248 1966 406 1990 summa
437 1952 546 2004 (cap.
572 1955 668 1998 185,
692 1953 780 2003 55.)
852 1981 862 1991 .
917 1981 928 1992 .
988 1981 998 1991 .
1055 1982 1066 1991 .
1122 1981 1134 1993 .
1193 1955 1377 2002 2641610

151 2007 234 2056 Qui
281 2020 479 2045 numerus
527 2009 759 2057 duplicatus
798 2009 866 2045 dat
915 2009 1128 2046 hominum
1179 2022 1380 2047 summam

87 2063 273 2101 5285220
300 2077 382 2113 cap.
406 2065 495 2100 186.
515 2070 790 2102 memoratam.
821 2065 983 2101 Confic.
1012 2065 1108 2110 103,
1131 2078 1176 2115 19
1198 2076 1277 2114 seq.
1301 2065 1382 2101 ihi-

83 2129 163 2166 que
186 2124 334 2155 notata.
364 2117 410 2157 S.

196 2170 342 2212 CAP.
363 2172 657 2213 CLXXXV.
680 2174 714 2211 3.
739 2171 867 2216 ὃᾶκησιν
898 2171 927 2212 δὲ
947 2171 1014 2212 δεῖ
1031 2171 1166 2224 λέγειν)
1192 2174 1380 2224 Ingratis-

84 2226 187 2264 sima
207 2240 351 2268 vocum
383 2235 440 2266 est
463 2228 494 2267 δὲ
519 2227 556 2271 δὴ
581 2228 630 2268 δεῖ
649 2230 853 2278 copulatio
867 2236 988 2279 atque
1001 2230 1203 2275 adhaesio,
1221 2230 1296 2266 soli
1316 2242 1380 2266 ac-

82 2289 194 2331 cepta
215 2284 313 2320 Med.
327 2284 504 2321 ferenda:
535 2297 629 2320 nam
650 2286 755 2321 Pass.
778 2281 836 2329 δὴ,
855 2285 1065 2321 scribentis
1082 2285 1219 2332 lapsu,
1238 2296 1285 2320 ex
1307 2282 1376 2328 δεῖ,

83 2335 173 2384 (uti
195 2338 352 2386 saepius
369 2339 463 2376 haec
490 2337 800 2388 permutantur)
836 2340 960 2377 venit.
1002 2339 1222 2376 Prudenter
1239 2339 1378 2376 Lichas

85 2391 326 2441 Sophocleus
339 2420 348 2438 ,
367 2393 473 2432 roam-0¹
499 2393 528 2431 δ’
546 2393 622 2441 ου’χὶ
641 2398 765 2437 γίνεται
786 2392 957 2436 δόκησιν
979 2395 1100 2440 εἰπεῖν,
1119 2394 1376 2443 κᾳῖξοικξιβῶσοιι

83 2446 183 2489 λόγον
194 2473 207 2491 ,
227 2447 414 2485 Trachin.
429 2461 485 2487 vs.
505 2450 598 2494 432.
617 2453 672 2491 W
685 2452 715 2488 E
725 2450 748 2486 S
760 2450 799 2487 S.
