1718 2919
298 222 455 263 130„
602 218 1353 263 ADNOTATIONES

293 326 433 361 Demon
452 324 495 359 in
517 324 648 361 Schol.
664 323 711 360 ad
734 324 840 361 Plut.
859 327 1054 375 Aristoph.
1070 339 1126 363 vs.
1149 328 1265 364 1003.
1278 354 1288 373 ‚
1316 326 1469 378 egregia
1484 328 1596 365 Ηεηιὲ

291 381 460 417 sterhusii
480 392 597 428 opera
619 379 801 423 adiutus,
829 379 1087 418 indicaverat.
1106 384 1164 421 W
1179 384 1209 419 E
1222 384 1293 419 SS.

345 431 416 486 [8.
445 436 508 472 τοῦ
538 436 684 472 Κιλίκων
707 435 870 478 βασιλῆος
896 434 1096 485 Συεννέσιος)
1130 437 1247 474 Conf.
1275 439 1360 476 VII.
1392 439 1462 488 98,
1489 446 1527 483 4.
1555 443 1595 475 et

291 491 522 539 lVesseling.
540 490 586 525 ad
612 491 639 525 I.
661 498 727 535 74.
760 490 820 526 16.
849 488 921 540 S.]

402 544 547 584 CAP.
578 543 755 584 CXIX.
778 557 813 591 7.
834 545 861 588 ἔς
882 542 1149 596 Λοέβρανδα)
1165 547 1447 596 Superstitiosa
1468 560 1594 585 mem-

288 602 439 638 branae
459 602 592 638 Medic.
611 599 814 636 veneratio
831 598 949 649 (vere
964 602 1280 652 Hemsterhusius)
1301 600 1502 651 Λάβραυνδα
1517 605 1594 640 He·

287 657 418 693 rodoto
437 656 672 692 inculcavit.
704 654 822 691 Urbis
840 668 985 692 nomen
1006 659 1317 695 amanuensium
1338 657 1413 694 alii
1435 656 1593 707 Λάβραν-

289 710 348 754 δα,
381 711 575 747 nonnulli
608 710 827 760 pingebant
859 708 1056 759 Λοέβρυνδοι,
1094 725 1217 761 quam
1253 720 1470 762 utramque
1496 713 1593 749 seri-

290 766 469 815 ptionem
492 766 716 803 Florentiae
738 771 860 814 atque
884 765 987 802 alibi
1013 767 1298 807 conbinarunt.
1331 767 1464 817 Λαβρύν
1487 768 1592 805 olim

286 822 384 871 Lydi
403 828 442 859 et
464 823 581 859 Cares
600 821 774 858 securim
800 820 1081 869 adpellabant,
1108 828 1203 859 teste
1228 825 1326 861 Plut.
1344 824 1504 871 Quaest.
1521 827 1592 861 Gr.

288 891 328 926 p.
347 878 436 914 302.
454 892 511 922 A.‚
532 877 626 913 hinc
642 873 832 926 Λάβρυνδα.
854 877 1026 913 Straboni
1045 883 1084 913 et
1108 878 1245 915 numis
1265 875 1460 927 Ασίβροινὲοι,
1477 879 1589 927 Iupi-

287 939 427 982 terque
459 928 707 980 Λαβρανδκνδς,
734 931 807 980 qui
839 932 1093 981 frequentius
1121 931 1326 995 Λοιβρανδεός
1337 959 1347 976 ,
1379 933 1454 971 lib.
1479 935 1589 972 XIV.

285 1001 371 1057 pag.
396 987 491 1038 973.
533 986 641 1036 Quid
661 986 710 1022 de
737 989 894 1024 Aeliano
918 987 1074 1032 dicam,
1094 988 1161 1024 cui
1182 1000 1229 1024 ex
1250 987 1366 1037 λα’βρῳ
1385 991 1444 1026 καὶ
1467 990 1590 1038 πολλῷ

286 1046 364 1081 ὗσαι
386 1043 542 1091 Iupiter
562 1042 662 1079 iste?
691 1044 807 1079 Errat
828 1042 1017 1091 insuper,
1039 1042 1160 1090 Κοέριον
1186 1050 1225 1080 et
1252 1041 1477 1092 Στράτιον
1494 1056 1588 1080 con-

285 1098 457 1135 fundens
484 1100 613 1135 Iovem
646 1097 720 1133 lib.
741 1097 893 1134 x11.de
916 1097 1588 1145 Anim.c.3o.Cautio1-strabo‚

282 1154 330 1191 de
348 1166 429 1202 quo
449 1160 564 1190 antea
583 1153 632 1189 ad
658 1154 798 1190 Herod.
821 1154 849 1189 Ι.
876 1166 964 1200 171.
992 1154 1179 1191 WESS.

336 1209 430 1246 Ibid.
455 1206 696 1248 κατειλήθησαν
715 1209 742 1252 ἐς
761 1205 969 1257 Λοέβρανδα)
990 1210 1161 1245 Enarrat
1182 1209 1418 1253 Herodotea‚
1438 1214 1586 1246 etcum

281 1266 452 1302 Demonis
488 1264 710 1313 fragmento
742 1268 946 1317 coinparat
981 1265 1040 1301 Ti.
1068 1265 1277 1302 Hemsterh.
1305 1265 1352 1301 ad
1386 1265 1508 1302 Schol.
1539 1265 1585 1301 in

280 1321 474 1369 Aristoph.
496 1321 602 1356 Plut.
622 1331 708 1367 pag.
732 1319 824 1355 355.
845 1330 892 1354 ex
914 1318 1031 1355 cuius
1055 1319 1327 1356 eruditissima
1355 1319 1585 1356 coniectura

282 1375 488 1423 scripserit
507 1377 668 1412 Demon:
700 1375 766 1411 τῶν
790 1375 906 1422 Καρῶν
923 1376 994 1422 περὶ
1021 1375 1081 1411 τοῦ
1099 1376 1247 1418 πολέμου
1267 1374 1349 1424 προς
1364 1376 1414 1424 τῷ
1429 1377 1491 1412 τοῦ
1513 1382 1585 1413 Λοι-

280 1428 439 1479 βροινὸἔως
475 1428 572 1468 ἄλο-ει
603 1430 883 1472 βουλευσαμένων.
932 1430 1142 1466 Herodotus
1180 1428 1244 1478 ipo'v
1283 1432 1376 1472 μέγα
1397 1445 1431 1467 τε
1462 1430 1586 1466 fuisse

281 1485 422 1522 scribit
441 1488 499 1523 καὶ
526 1483 620 1527 ἅγιον
649 1483 752 1527 ἄλο-ος
780 1486 1036 1521 πλατανίστων
1064 1485 1131 1520 cui
1159 1491 1198 1521 et
1218 1485 1320 1521 alibi
1350 1492 1586 1533 permutan-

282 1547 351 1578 tur
372 1552 482 1578 voces
503 1538 567 1589 ἷρδν
587 1545 627 1575 et
647 1537 771 1581 ἄλσος,
804 1545 850 1575 ut
871 1541 940 1576 VI.
961 1552 993 1575 c.
1016 1541 1081 1586 78.
1101 1545 1140 1576 et
1162 1554 1225 1590 79.
1244 1539 1285 1578 ro*
1308 1538 1409 1582 ἄλο-ος
1429 1541 1491 1577 τοῦ
1507 1539 1584 1589 ’Ἃρ-

278 1612 360 1639 yov:
382 1598 423 1634 τδ
453 1594 540 1644 ἱρδν,
563 1601 602 1631 et
625 1593 665 1632 τδ
684 1596 833 1637 τέμενοςε
857 1594 928 1630 ubi
957 1607 1049 1631 mox
1073 1592 1132 1632 ἅτε
1152 1594 1218 1644 γοὶρ
1242 1596 1370 1633 πυκνοῦ
1393 1594 1497 1638 ἐόντος
1523 1597 1583 1633 τοῦ

279 1650 412 1695 ἄλσεος.
442 1653 486 1688 In
507 1651 581 1687 hoc
600 1650 870 1687 Labrandensis
886 1651 979 1687 Iovis
1000 1653 1077 1687 luco
1102 1651 1294 1687 sacellum
1316 1650 1585 1698 probabiliter

278 1707 382 1752 fuit,
414 1707 456 1742 in
478 1718 559 1756 quo
583 1710 704 1742 staret
729 1705 867 1754 Iupiter
898 1703 1061 1753 Σπροέτιος
1088 1718 1212 1741 manu
1240 1711 1391 1755 gestans
1419 1708 1582 1743 securim.

275 1762 468 1810 Exquirit
492 1762 535 1797 in
559 1762 718 1810 Quaest.
738 1763 806 1797 Gr.
833 1761 1022 1797 Plutarch.
1053 1774 1091 1808 p.
1120 1761 1210 1797 301.
1237 1775 1268 1798 r.
1304 1773 1379 1797 cur
1401 1775 1508 1797 manu
1531 1768 1584 1797 te·

280 1824 381 1853 neret
398 1819 460 1855 τοῦ
482 1813 696 1864 Λαβρανδέως
715 1814 792 1858 Διδς
814 1816 841 1853 ἐν
864 1818 974 1864 Καρίᾳ
1001 1814 1041 1853 τέ
1068 1814 1221 1859 οἵγοιλμοι
1245 1817 1384 1853 πέλεκυν
1411 1815 1544 1865 ᾑρμένον
1562 1823 1580 1852 Ξ)

275 1872 433 1920 Iupiter
466 1869 630 1919 Στροέτιος
659 1882 753 1907 aevo
786 1871 997 1907 recentiori
1032 1871 1238 1907 colebatur
1258 1877 1296 1907 et
1323 1870 1424 1906 alibi
1458 1878 1581 1908 terra·

278 1940 392 1973 rum,
423 1928 604 1963 Herodoti
633 1926 764 1962 forsan
793 1932 920 1962 aetate
951 1939 1151 1975 nusquam
1180 1926 1258 1961 nisi
1281 1926 1324 1961 in
1348 1926 1486 1972 Caria,
1514 1927 1578 1963 vel

275 1984 415 2019 saltem
445 1995 467 2018 a
499 1981 670 2019 Caribus
701 1980 808 2018 solis.
848 1981 934 2017 Istis
962 1981 1183 2017 interiectis
1209 1981 1257 2017 de
1289 1983 1374 2017 Iove
1407 1982 1579 2027 Stratio,

274 2039 417 2075 vocula
447 2037 525 2074 sibi
555 2036 701 2073 usitata
723 2036 953 2073 redorditur
978 2036 1200 2073 orationem
1222 2038 1450 2073 Herodotus:
1482 2037 1578 2083 [lin.

283 2090 369 2144 lo.]
397 2093 646 2134 Κατειλκθέντες
669 2086 693 2128 <3
707 2107 720 2127 ν
740 2085 827 2129 οὗτοι
848 2093 986 2129 ἐνθοιῦτοι
1007 2090 1211 2129 ἐβουλεύοντο
1235 2094 1304 2140 περὶ
1321 2094 1493 2139 σωτηρίκςε
1515 2093 1579 2129 his

275 2160 322 2185 ex
343 2149 450 2184 libro
469 2147 571 2184 Med.
600 2146 782 2183 voculam
803 2144 833 2184 δὲ
853 2146 1026 2183 inseruit
1057 2148 1216 2183 Gronov.
1242 2159 1364 2194 quam
1390 2147 1578 2184 omissam

274 2204 463 2240 mallem:
486 2202 529 2237 in
558 2201 743 2237 eumdem
770 2213 927 2238 sensum
950 2201 1072 2237 scribi
1097 2213 1259 2250 quoque
1284 2208 1489 2249 potuerat,
1513 2219 1579 2240 κα-

274 2260 465 2301 τειληθέντες
483 2255 519 2297 δή
539 2251 647 2298 οὗτοι,
673 2257 710 2292 hi
723 2283 732 2301 ‚
751 2258 896 2306 inquam
909 2284 918 2301 a
945 2257 1012 2292 huc
1033 2259 1070 2293 in
1089 2272 1194 2293 unum
1215 2259 1333 2293 coacti
1355 2258 1397 2293 de
1414 2259 1465 2294 rei
1482 2272 1577 2294 sum-

276 2328 334 2350 ma
350 2313 617 2350 deliberabant.-
640 2319 686 2348 ut
702 2311 795 2347 aliis
817 2309 854 2353 δῆ
868 2340 877 2355 ‚
898 2313 952 2348 sic
972 2311 1093 2348 etiam
1109 2315 1250 2349 Nostro
1271 2313 1573 2360 frequentatur:

274 2369 355 2407 vid.
378 2371 436 2405 Ti.
459 2368 667 2405 Hcmsterh.
697 2366 745 2402 ad
766 2369 918 2404 Luc-ian.
943 2380 1027 2416 pag.
1055 2368 1144 2404 322.
1164 2375 1202 2403 et
1223 2367 1266 2402 in
1288 2368 1381 2404 Obs.
1406 2367 1574 2405 Miscell.

273 2426 338 2465 ΙΙΙ.
355 2438 392 2473 p.
414 2433 506 2474 419.
527 2424 749 2461 VALCK.

383 2477 531 2520 CAP·
560 2476 707 2518 CXX·
739 2490 775 2525 7.
812 2476 977 2516 πεσόντων
1001 2475 1032 2516 δὲ
1051 2475 1215 2526 πολλῶν)
1245 2477 1287 2516 Si
1315 2479 1575 2516 confirmare·
