1718 2919
325 213 404 253 πω
628 207 1441 270 ΑυΝοΤΑΤΙοΝΕε,

322 315 397 352 lib.
417 316 470 351 V.
489 320 553 357 44.
587 313 646 350 De
675 312 900 350 Cleombroto
918 342 928 357 ‚
958 314 1154 350 exercitus
1181 313 1228 349 ad
1263 313 1459 350 Isthmum
1491 309 1620 360 impe·

321 377 473 409 ratore,
492 368 678 416 superius
699 368 770 404 lib.
802 369 901 404 VIII.
925 380 1008 413 71.;
1039 368 1087 404 de
1111 368 1214 405 Solis
1237 380 1330 404 vero
1347 366 1510 415 eclipsi,
1536 377 1619 414 qua

322 437 392 462 rex
416 423 580 460 territus
600 422 730 470 copias
754 422 920 458 domum
945 422 1127 461 reduxit.
1152 424 1352 470 praeclare
1376 424 1532 473 Dionys.
1555 422 1621 458 Pe-

325 482 462 523 tavius,
482 480 616 515 Doctr.
634 480 770 525 Temp.
794 478 864 513 lib.
885 480 935 514 X.
953 490 985 514 r.
1004 479 1066 515 25.
1084 478 1256 514 WESS.
1282 498 1333 504 —
1362 478 1419 513 De
1438 477 1514 512 illo
1532 477 1623 512 solis

324 532 463 582 defectu
499 532 641 570 videsis
675 543 778 580 quae
810 535 956 569 Petuuio
993 532 1096 580 apud
1138 532 1358 569 Larcherum
1393 530 1622 568 l’arisiensis

325 590 423 626 olim
452 587 712 625 Academicus
744 588 883 636 Pingre'
913 587 1111 635 opposuit.
1156 590 1365 624 Caeterum
1397 588 1623 623 territum

324 644 447 681 fuisse
473 644 548 679 illo
574 643 845 691 phaenomeno
885 643 1164 686 Cleombrotum,
1198 655 1276 677 non
1306 643 1518 690 profitetur
1545 641 1623 678 He-

322 701 494 737 rodotus.-
520 710 564 734 ac
581 697 797 734 videndum
814 725 822 737 .,
845 709 893 733 ue
921 697 1147 745 significare
1165 697 1297 744 potius
1311 695 1511 740 voluerit,
1533 695 1621 732 sau-

326 761 383 791 sto
404 761 560 801 accepto
588 752 723 789 omine
742 753 865 788 illum
896 753 1026 800 copias
1053 753 1103 788 ab
1124 753 1270 788 Isthmo
1291 750 1512 787 abduxisse.
1545 752 1619 787 Eo-

325 809 414 845 dem
431 809 539 845 enim
569 815 763 856 tempore,
793 820 873 855 quo
892 807 938 842 atl
958 807 1160 844 Salamina
1186 812 1407 856 pugnatum
1428 812 1506 843 est.
1525 817 1621 842 cum

324 865 500 901 exercitu
520 863 565 900 ad
587 863 781 899 Isthmum
801 863 1043 900 Cleombrotus
1059 868 1144 898 erat
1157 889 1166 906 ,
1187 861 1456 897 munitionem
1479 859 1621 897 Isthmi

327 931 490 969 urgens:
511 917 931 966 videturque,accepto
946 917 1024 953 iam
1036 917 1084 953 <le
1101 916 1208 953 felici
1224 928 1378 967 pugnae
1390 916 1499 952 exitu
1516 922 1622 952 nun-

328 975 389 1011 cio
403 1001 413 1018 ,
434 987 559 1019 sacra,
583 985 685 1022 quae
707 973 771 1009 h1c
791 979 1091 1017 memorantur,
1113 973 1279 1009 adversus
1307 973 1438 1009 Persas
1467 969 1618 1013 fecisse;

326 1029 477 1066 scilicet
498 1034 756 1076 experturus,
774 1041 824 1064 an
846 1040 866 1063 a
889 1027 1058 1076 pedestri
1077 1028 1218 1064 xerxis
1238 1026 1414 1063 exercitu
1429 1052 1439 1072 ‚
1459 1025 1532 1075 qui
1553 1027 1622 1062 Pe·

327 1085 589 1132 loponnesum
616 1095 750 1119 versus
772 1083 1117 1132 progrediebatur,
1148 1079 1282 1133 (VIII.
1306 1079 1395 1129 71.)
1416 1093 1550 1118 revera
1571 1080 1624 1130 ti·

327 1139 470 1175 menda
495 1144 591 1174 esset
610 1138 762 1174 invasio
784 1138 1053 1186 Peloponnesi.
1091 1140 1171 1173 Iam
1199 1149 1245 1172 ex
1265 1137 1420 1173 defectu
1446 1136 1540 1174 solis
1556 1135 1623 1172 de-

326 1194 419 1230 buit
438 1194 531 1236 ille,
551 1199 669 1241 puto,
687 1193 863 1229 faustum
880 1194 1144 1241 Peloponneso
1161 1203 1299 1240 capere
1315 1202 1450 1235 omen,
1470 1190 1623 1240 quippe

327 1249 521 1286 exercitui
554 1248 668 1297 Regis
701 1248 959 1296 portendente
978 1248 1163 1283 exitium.
1204 1249 1341 1295 ltaque
1367 1251 1477 1283 tanto
1499 1245 1624 1282 fiden-

329 1304 409 1341 tior
441 1303 705 1347 Cleombrotus,
735 1302 927 1351 quoniam
959 1302 1094 1351 paucis
1130 1308 1214 1349 post
1246 1314 1421 1351 pugnam
1457 1300 1621 1345 diebus,

327 1359 567 1396 Thessaliam
588 1370 724 1393 versus
742 1370 780 1394 se
807 1357 955 1406 recepit
975 1359 1240 1395 Barbarorum
1263 1356 1480 1402 exercitus,
1508 1356 1626 1392 redu·

327 1414 390 1450 xit
409 1426 497 1449 suos
518 1414 568 1449 ab
586 1413 753 1452 Isthmo,
783 1418 920 1461 utpote
941 1413 1058 1448 nullo
1081 1412 1259 1460 amplius
1279 1411 1460 1460 periculo
1486 1410 1625 1447 immi-

329 1474 449 1506 nente
468 1468 777 1516 Peloponnesiis.
820 1471 955 1515 Atque
975 1467 1029 1503 ita
1049 1467 1094 1503 ad
1117 1469 1238 1504 finem
1260 1479 1340 1503 non
1361 1466 1548 1515 perducta
1567 1471 1626 1503 est

328 1523 466 1562 Isthmi
489 1523 689 1568 munitio,
713 1530 751 1559 et
773 1522 1046 1560 intermissum
1068 1535 1185 1570 opus;
1206 1522 1348 1567 donec,
1367 1522 1500 1558 adlato
1519 1519 1627 1557 nun-

329 1580 390 1616 cio
411 1578 541 1615 redire
558 1578 813 1616 Mardonium
842 1591 933 1614 cum
954 1577 1155 1622 exercitu,
1182 1577 1313 1613 denuo
1341 1577 1535 1613 Isthmum
1563 1587 1624 1613 re-

330 1635 536 1683 petierunt
562 1633 859 1670 Lacedaemonii
881 1645 972 1669 cum
995 1632 1088 1668 aliis
1114 1631 1428 1680 Peloponnesiis,
1455 1638 1494 1668 et
1513 1643 1626 1668 sum-

329 1702 395 1726 mo
419 1689 552 1726 studio
573 1701 715 1725 manus
736 1688 976 1736 perficiendo
1003 1686 1114 1735 operi
1141 1687 1426 1732 admoverunt,
1450 1689 1517 1724 IX.
1538 1688 1580 1732 8,
1599 1694 1623 1732 4

330 1756 435 1794 seqq.
455 1743 499 1782 S.

442 1797 586 1838 CAP.
605 1795 691 1837 XI.
717 1806 776 1842 14.
797 1798 825 1835 ἐν
841 1795 1077 1846 Ὀξεσ-τείῳ)
1100 1799 1292 1833 Memorat
1311 1797 1512 1833 Pausanias
1528 1796 1625 1833 Ore-

331 1860 411 1892 stae
433 1855 664 1897 tumulum,
684 1852 814 1895 τρέφεν,
839 1853 1125 1890 Lacedaemone
1146 1852 1217 1888 lib.
1239 1854 1302 1889 111.
1322 1864 1353 1888 c.
1381 1865 1439 1888 11.
1457 1864 1495 1899 p.
1513 1851 1625 1897 254„

331 1910 492 1957 qualem
512 1908 578 1943 illi
604 1909 764 1957 publice
783 1909 921 1944 (latum
943 1908 1060 1957 Argis
1078 1913 1116 1943 et
1136 1906 1308 1955 Mycenis
1329 1908 1509 1943 Lucianus
1531 1906 1626 1943 infi-

333 1965 481 2004 tiatur,
507 1966 646 2000 Toxar.
668 1977 700 2000 c.
723 1967 758 2004 5.
788 1966 867 2001 Nec
885 1977 976 1998 eum
999 1970 1131 1999 tamen
1152 1963 1216 1998 hic
1236 1961 1358 1998 innui
1379 1967 1531 2004 statuo5
1559 1960 1626 1998 sed

331 2018 371 2057 ro*
401 2019 580 2067 Ὀρέστειον
607 2020 801 2061 Μειινοιλίςκς
825 2019 990 2069 Thuqyd.
1015 2021 1064 2054 V.
1096 2018 1179 2060 64„
1205 2016 1387 2053 vicinum
1411 2018 1625 2065 Tegeatum

334 2074 508 2117 finibus,
527 2087 609 2122 quo
628 2074 676 2110 de
695 2073 753 2109 ibi
780 2073 859 2110 viri
879 2072 1097 2109 doctissimi
1124 2073 1263 2108 VVasse
1283 2078 1322 2108 et
1345 2072 1533 2108 Dukerus.'
1558 2071 1625 2108 Ad

333 2129 537 2178 sequentia
558 2126 650 2179 [lin.
670 2125 755 2179 15.]
784 2129 959 2178 Hesychii
992 2128 1140 2177 glossa,
1167 2127 1303 2169 Ξένοι,
1335 2128 1364 2165 οἱ
1389 2127 1562 2171 πολέμιοι,
1597 2125 1626 2164 οἷ

332 2181 361 2222 ἓξ
377 2182 451 2226 τούς
473 2185 623 2231 Πέρτκς.
657 2189 760 2220 recte
784 2184 973 2219 refertur.
1011 2184 1113 2220 Bene
1133 2183 1270 2217 Servius
1298 2181 1346 2217 ad
1369 2180 1537 2217 Aeneid.
1555 2183 1628 2218 IV.

335 2247 428 2283 424.
446 2240 653 2276 Herodotus
674 2240 822 2282 Persas,
849 2241 907 2287 qui
932 2244 1037 2273 crant
1062 2239 1278 2273 Graecorum
1307 2237 1425 2273 hostes
1445 2264 1453 2279 ,
1487 2233 1628 2280 ξένους

332 2307 355 2330 α
383 2295 673 2331 Lacedaemoniis
701 2296 901 2343 appellatos
927 2291 1053 2339 refert.
1101 2290 1262 2328 Similia
1291 2303 1338 2327 ex
1367 2292 1552 2328 Idomeneo
1581 2289 1626 2326 in

331 2348 503 2385 Aristid.
526 2362 610 2397 pag.
633 2349 722 2385 325.
742 2363 778 2385 A.
799 2349 1027 2384 Plutarchus.
1060 2345 1198 2383 Priscis
1225 2345 1280 2381 ita
1312 2345 1464 2382 Latinis
1491 2346 1629 2382 hostem

334 2403 589 2452 peregrinum
612 2401 820 2446 indicasse,
840 2405 932 2452 leges
955 2403 1045 2439 XII.
1068 2401 1181 2445 Tab.,
1197 2402 1346 2437 Plautus
1364 2429 1372 2444 ,
1395 2402 1538 2445 Varro,
1569 2401 1631 2437 Ci-

331 2471 411 2495 cero
432 2458 710 2496 testificantur.
740 2458 844 2496 Vide
862 2457 926 2495 ill.
940 2458 1162 2506 Scaligerum
1187 2455 1235 2491 ad
1258 2457 1403 2494 festum
1422 2455 1632 2493 iffHostis.

333 2513 506 2553 WESS.
