1718 2919
309 212 405 252 AD
449 211 852 251 HERODOT.
880 212 1037 253 VIII.
1065 214 1217 253 61.62.
1350 215 1425 254 133

135 316 325 366 πριθύροισ-ι·
344 319 402 355 καὶ
420 318 445 355 εἰ
465 319 524 360 μέν
545 334 593 355 τοι
614 314 743 362 δώσεις,
770 317 796 354 εἴ
821 313 851 355 δὲ
876 315 924 360 un*
938 343 949 362 ‚
981 316 1063 363 Οὐχ
1083 316 1272 362 ἓιι·τι1’ξομ.ειι6
1301 317 1339 356 οὗ
1356 316 1424 366 ’γάρ

135 371 352 412 συνωκῆσοντε
372 369 472 410 ἐνθάδ’
497 371 645 414 ἤλθομεν.
685 372 747 408 Ad
774 371 907 419 priora
935 371 1140 419 pertinent
1168 373 1264 418 ista,
1281 371 1424 416 “Eo-rnu'

132 427 163 464 ἐν
179 424 378 474 προθύροισιτ
409 432 494 462 tum
514 426 699 474 sequitur
718 426 831 462 aliud
863 426 1038 475 fragmen
1053 453 1062 470 ‚
1088 426 1205 464 euius
1220 427 1423 463 indicium

134 482 293 528 praebet
307 483 373 518 καὶ
386 507 396 522 ,
420 487 600 517 constans
619 481 775 517 duobus
794 481 960 517 senariis
981 481 1192 530 legitimis,
1209 482 1241 518 si
1262 482 1318 518 sic
1338 481 1424 518 red-

133 535 412 585 integrentur.-
440 536 479 573 Εἶ
506 537 563 574 μέν
591 552 621 573 τι
643 533 768 579 δώσεις,
793 561 804 573 .
826 562 836 572 .
859 561 869 572 .
889 562 899 571 .
928 536 954 573 εἶ
979 533 1008 572 δὲ
1033 534 1102 577 μῆ,
1129 535 1194 581 οὐχ
1224 536 1418 580 ἔστ-ἥξομεν,

136 590 191 627 Ου’
208 588 275 638 7⁰2?
301 589 534 632 συνοικνῖσοντες
559 587 658 627 ἐνθάδ’
687 588 835 632 ἤλθομεν.
865 591 969 627 conf.
989 590 1127 627 Athen.
1144 592 1248 629 VIII.
1269 604 1307 639 p.
1330 592 1423 628 360.

130 656 163 682 c.
193 646 408 682 VALCK.

193 712 229 746 7.
258 700 286 742 ἐς
302 701 389 746 Σίριν
415 697 471 739 τνῖν
491 699 518 735 ἐν
536 696 681 746 Ἰταλίῃ)
711 701 769 735 Ne
785 699 1100 736 confunderetur
1126 712 1219 735 cum
1245 699 1423 737 eiusdem

134 753 309 790 nominis
331 754 429 789 urbe
449 753 657 794 Paeoniae,
684 755 755 801 Σίρι
780 755 838 796 τῆς
859 758 1010 797 Παιονίης
1038 767 1070 791 e.
1095 767 1107 789 1
1124 754 1208 799 15„
1227 754 1303 790 illa
1326 767 1422 802 pru-

131 808 271 844 denter
287 808 582 857 adiunguntur.
619 809 750 844 Italiae
772 811 870 845 Sir-in
896 809 1000 845 iuris
1022 809 1121 845 olim
1136 836 1145 854 ,
1169 815 1207 845 et
1227 815 1320 845 ante
1340 811 1424 846 bel-

130 864 222 899 lum
238 862 456 899 Troianum
482 863 645 911 quidem
663 889 672 906 ‚
702 863 826 899 Ionici
851 870 972 911 atque
995 864 1089 900 adeo
1108 864 1422 901 Atheniensium

132 918 276 962 fuisse,
308 918 558 968 Lycophronis
590 918 785 953 Alexand.
810 931 865 954 vs.
891 920 983 968 986.
1004 930 1110 967 seqq.
1141 919 1274 962 canit3
1305 918 1422 956 cuius

130 972 384 1016 Scholiastes‚
411 985 458 1008 ex
483 978 663 1009 veterum
690 972 796 1008 haud
821 973 945 1010 dubie
970 973 1212 1018 commentis,
1241 985 1362 1022 super
1377 985 1423 1010 ea

133 1028 368 1075 possessione
386 1028 518 1075 plura.
547 1027 719 1063 Dissidet
738 1034 867 1063 tamen
886 1029 1015 1065 Strabo
1035 1029 1109 1065 lib.
1128 1030 1197 1065 VI.
1215 1041 1254 1076 p.
1269 1029 1363 1073 405.
1383 1043 1422 1066 A.

131 1078 197 1132 [p.
212 1083 302 1126 264.
317 1082 376 1118 ed.
395 1079 498 1132 Cas.]
519 1085 728 1129 Ionasque,
747 1083 948 1130 Lydorum
966 1083 1219 1119 dominatum
1239 1083 1422 1128 vitantes,

130 1137 241 1174 Sirin
272 1149 477 1184 occupasse
507 1141 710 1172 asseverat.
755 1139 896 1174 Noster
921 1151 943 1173 a
969 1139 1209 1188 Lycophrone
1241 1138 1423 1186 proxime

127 1193 248 1228 abest.
277 1194 417 1239 Nuper
434 1202 546 1236 vero,
565 1196 649 1238 post
665 1192 817 1228 Cluverii
837 1199 875 1228 et
887 1195 1055 1229 salmasii
1071 1193 1210 1229 sollers
1225 1193 1421 1238 studium,

126 1250 233 1284 Alex.
249 1247 452 1297 Symmach.
469 1247 679 1283 Mazochius
703 1247 926 1294 priscorum
952 1259 1074 1295 paene
1094 1254 1315 1296 pugnantes
1335 1260 1422 1284 sen-

127 1301 271 1338 tentias
306 1301 574 1344 examinavit.
605 1301 809 1337 Prodromi
849 1302 897 1338 ad
928 1303 1174 1339 Heracleens.
1203 1303 1421 1350 Psephism.

127 1369 165 1404 p.
187 1356 251 1402 75.
282 1357 506 1392 Oraculum
522 1383 531 1401 ⁷
552 1355 658 1403 quod
679 1356 957 1393 Themistocles
981 1364 1168 1401 ostentat,
1190 1358 1420 1396 labentibus

126 1411 244 1448 annis
258 1412 540 1455 Athenienses,
559 1416 603 1446 ut
623 1411 781 1446 colonos
801 1423 886 1447 eam
908 1412 950 1447 in
971 1412 1109 1448 Italiae
1129 1418 1281 1460 partem
1297 1413 1420 1448 dedu-

125 1471 281 1510 cerent,
309 1478 353 1502 ac
385 1466 555 1501 Thurios
583 1465 819 1510 conderent,
855 1466 1015 1503 Siritidi
1052 1466 1226 1512 vicinos,
1259 1467 1419 1515 inpulit

126 1521 233 1569 apud
257 1521 410 1556 Diodor.
434 1522 516 1557 XII.
540 1533 598 1556 io.
628 1520 761 1557 WES
773 1521 809 1557 S.

181 1575 272 1611 Ibid-
307 1573 508 1617 κομιεύμεθα
539 1575 566 1616 ἐς
593 1572 705 1622 Σίριν)
736 1576 841 1611 Urbe
868 1586 946 1611 non
976 1575 1181 1612 nominata
1204 1576 1310 1624 apud
1331 1578 1418 1614 Plu·

127 1630 245 1667 tarch.
265 1629 544 1666 Themistocles
564 1631 606 1665 T.
631 1631 659 1664 Ι.
683 1642 721 1676 p.
744 1642 830 1676 117.
853 1644 886 1666 F.
909 1630 1034 1668 αὐτίκα
1053 1629 1212 1668 πεύσεταί
1229 1648 1277 1674 τις
1297 1630 1419 1672 Ἑλλή-

129 1701 205 1726 νων,
232 1683 415 1725 'Affnmicvg
433 1686 491 1720 καὶ
509 1681 608 1720 πᾶλιν
633 1683 791 1730 ἐλευθέραν
814 1687 871 1721 καὶ
899 1683 1011 1732 χώραιν
1040 1684 1077 1722 ου’
1099 1688 1227 1733 χείρονα
1255 1687 1416 1726 κεκτημέ-

129 1756 215 1782 νους,
246 1733 284 1781 ἧς
312 1738 505 1778 οἶπέβοιλονε
544 1740 673 1774 Sir-itin
695 1738 903 1781 videlicet,
923 1740 955 1774 si
977 1739 1228 1776 fertilitatem
1248 1746 1415 1788 spectes,

125 1793 260 1831 Attica
281 1794 413 1829 multo
430 1792 651 1829 meliorem.
673 1792 868 1840 Ἀρχίλοχος
885 1793 903 1831 o‘
917 1792 1052 1835 ποικτιῗς
1072 1793 1338 1841 ὑπερτεθαύμακε
1358 1794 1414 1836 rn'v

126 1847 237 1897 χώραν
265 1849 328 1885 τῶν
348 1849 484 1895 Σιριτῶν
515 1844 568 1883 διοὲ
595 1847 652 1887 τιέν
677 1845 899 1890 εὐδαιμονίκν,
925 1848 990 1884 cui
1020 1848 1172 1885 dicitur
1202 1850 1346 1897 ἐφίμερος
1374 1855 1414 1886 et

126 1901 239 1950 ἔροιτδς
262 1903 365 1949 χῶρος
389 1902 406 1940 o‘
431 1901 524 1944 οἶμφὶ
555 1903 659 1949 Σίριος
684 1900 778 1946 ῥοοὶς,
799 1903 906 1949 apud
926 1904 1064 1940 Athen.
1084 1906 1169 1941 XII.
1193 1917 1230 1951 p.
1256 1904 1345 1940 523.
1376 1919 1414 1941 D.

123 1957 214 1994 Illic
241 1960 386 1994 Timaeo
413 1956 613 2005 regionem
635 1955 751 1993 istam
784 1957 955 1993 tenuisse
977 1958 1174 1995 dicuntur
1200 1958 1322 1994 etiam
1341 1959 1415 1995 Co-

123 2012 330 2059 lophonii3
359 2011 452 2048 aliis
479 2013 588 2047 Iones
606 2011 650 2046 in
675 2022 815 2059 genere
833 2012 1113 2048 nominantur.
1152 2014 1246 2050 Phil.
1272 2014 1413 2051 Cluver.

123 2067 211 2102 Ital.
226 2069 324 2104 Ant.
344 2067 417 2102 lib.
433 2068 504 2103 IV.
521 2079 558 2113 p.
578 2074 708 2112 1274.9
724 2065 771 2101 de
786 2068 919 2103 Italiae
933 2069 1004 2103 Siri
1023 2068 1165 2104 multis
1179 2079 1316 2117 agens,
1330 2081 1410 2104 non

122 2121 403 2157 recordabatur
416 2122 615 2165 Herodoti,
632 2120 697 2156 cui
719 2121 875 2158 Italiota
897 2134 1059 2170 quoque
1077 2126 1206 2170 Σιρίτης
1218 2124 1412 2161 Damasus

123 2175 232 2216 inter
250 2176 452 2225 Agaristae
484 2188 618 2224 procos
643 2183 891 2212 memoratur
914 2177 988 2212 lib.
1007 2179 1074 2214 VI.
1103 2190 1136 2213 c.
1164 2191 1252 2224 ¹27·
1300 2179 1413 2226 Quae

120 2231 235 2266 Ionas
260 2231 454 2267 habuerat
473 2230 645 2274 incolas,
678 2230 725 2265 de
748 2230 828 2267 Siri
851 2231 930 2267 dici
958 2237 1110 2278 poterat
1130 2232 1408 2268 Themistocli:

123 2284 260 2332 ἡμετέρη
282 2286 347 2322 ἐστὶ
368 2286 403 2322 ἐκ
419 2287 572 2323 παλαιοῦ
590 2282 654 2323 ἔτι.
698 2286 846 2321 Vicina
877 2286 1056 2333 Sybaris,
1084 2286 1165 2323 sive
1182 2287 1383 2323 Thurium
1399 2314 1409 2332 ‚

122 2339 431 2375 Atheniensium
451 2340 549 2384 fuit,
566 2346 611 2375 ut
629 2345 770 2376 notum
791 2346 868 2384 est.
889 2340 1139 2377 nobilissima
1160 2341 1339 2377 colonia:
1361 2353 1408 2377 ex

118 2395 348 2443 Hegesandri
376 2394 672 2430 commentariis
695 2401 833 2431 narrat
851 2395 987 2432 Athen.
1015 2398 1122 2433 XIV.
1146 2410 1182 2444 p.
1205 2397 1295 2432 656.
1316 2408 1347 2431 c.
1370 2402 1410 2431 et

116 2459 164 2486 ex
184 2450 372 2490 Athenaeo
395 2450 564 2486 Eustath.
592 2449 636 2485 in
654 2448 720 2487 Ἰλ.
744 2449 786 2487 κ’.
813 2463 850 2498 p.
871 2458 963 2498 704.
984 2448 1034 2488 ἔτι
1059 2449 1186 2493 Σάμιοι
1209 2448 1408 2493 πλεύσαντες
