1718 2919
283 193 365 233 316
584 188 1334 233 ADNOTATIONES

281 294 469 344 Jiberque
498 294 587 332 eius
609 297 678 333 IX.
703 295 921 332 adiicietur
947 297 1152 334 conmode.
1182 298 1257 334 Ille
1283 297 1486 345 quaedam·
1503 299 1582 335 ali-

283 355 346 387 ter
375 356 533 386 exarata
562 351 630 387 hic
655 350 968 396 animadvertit,
1006 356 1237 400 Χερσονησῖται
1272 358 1403 389 tamen
1436 355 1584 391 Nostro

282 408 353 443 VI.
375 406 457 455 ὂψ,
487 410 527 442 et
551 419 636 454 cap.
661 419 750 456 ¹¹9·
771 407 994 454 Calliopes:
1020 403 1114 457 [IX.
1137 421 1232 452 120,
1255 404 1317 458 2.]
1345 420 1438 445 nam
1457 414 1579 457 Χερσο-

281 462 454 500 νκσιωτέων
474 474 548 498 vox
573 467 741 497 exerrat.
762 462 942 499 WESS.

394 514 540 555 CAP·
553 514 728 556 CXIX.
747 516 781 552 3·
797 513 916 554 ἔθυσαν
933 515 1188 565 Πλειστώρῳ
1205 517 1367 566 ἐπιχωρίῳ
1380 512 1475 567 θεῷ)
1487 517 1580 555 Bar-

281 571 426 607 barum
447 577 485 608 et
501 572 664 608 crudele
685 583 836 607 numen
854 571 948 607 aliis
969 571 1158 621 relinquo
1171 599 1180 617 ‚
1199 571 1302 607 mihi
1320 578 1454 609 manet
1467 571 1581 621 igno·

284 631 393 662 tum:
410 626 591 676 ignotum
607 638 789 675 quoque,
805 626 911 662 unde
925 625 1033 668 ὀλίγοι
1049 624 1172 672 ἐόντες,
1190 638 1318 676 quave
1329 626 1582 671 auctoritate,

282 681 326 717 in
347 688 583 730 postremam
608 682 795 718 venerint
816 680 1047 718 editionem.
1075 682 1141 718 An
1166 681 1214 718 de
1245 683 1374 720 Vallae
1396 682 1582 719 Latinis?

282 751 374 773 narn
392 737 438 773 de
453 737 569 774 Arch.
583 737 782 786 scriptura
797 737 887 773 viro
903 737 1036 774 Celeb.
1050 736 1196 773 notitia
1210 738 1341 774 nulla.
1358 736 1579 774 Pristinum

285 792 396 833 ὀλίγον
418 790 519 835 ἐόντες
547 794 597 828 ad
624 795 793 828 viciniam
815 796 938 841 Aegos
952 794 1138 840 fluminis,
1159 795 1391 843 paullumque
1415 796 1516 830 ultra
1541 794 1584 829 id-

284 859 503 896 progressos
521 847 647 884 ducit.
676 849 818 884 Paucos
845 854 978 883 autem
1003 847 1219 884 admodum
1249 847 1390 892 fuisse,
1419 848 1493 896 qui
1516 848 1581 883 su-

282 908 446 952 gerunt,
464 903 622 950 liquido
635 902 737 939 haud
756 908 880 950 paret.
900 902 1032 939 Satius
1045 903 1123 939 erit
1135 929 1144 946 ‚
1160 902 1368 940 illibatum
1382 902 1490 939 illud
1503 914 1582 939 ser>-

283 970 387 995 vare.
419 958 617 994 Omnium
636 958 950 1006 praeclarissime
970 957 1048 1006 ὑπὲρ
1067 956 1169 1000 Αἷγός
1184 959 1413 1000 ποταμῶν,
1434 971 1516 1006 quo
1530 957 1580 994 de

283 1013 435 1063 egregie
455 1025 613 1060 prorsus
637 1015 909 1062 Oudendorpius
927 1012 974 1048 ad
996 1014 1166 1050 Frontin.
1182 1014 1227 1049 Π.
1252 1026 1264 1048 1
1283 1039 1293 1057 ‚
1319 1014 1379 1049 18.
1400 1013 1583 1051 WESS.

395 1066 541 1106 CAP.
558 1067 704 1108 CXX.
722 1077 759 1113 4.
788 1071 844 1105 καὶ
862 1066 1098 1116 ἕσποιιρον)
1129 1068 1209 1104 Pati
1234 1079 1382 1115 possem
1401 1069 1582 1105 Athenaei

285 1128 324 1159 et
339 1124 523 1159 Eustathii
538 1122 759 1170 ἤσπαιρον,
782 1123 813 1159 si
835 1135 938 1171 quae
950 1123 1078 1172 gravis
1095 1129 1253 1172 urgeret
1271 1135 1401 1159 causa.
1437 1123 1582 1161 Simile

284 1180 523 1227 Apollodori,
544 1178 646 1215 Bibl.
666 1180 730 1215 ΙΙΙ.
756 1179 799 1214 15
816 1204 825 1222 ,
848 1180 883 1214 6.
905 1180 962 1214 καὶ
995 1177 1268 1225 οἷο-ποιίροντοι
1295 1176 1352 1215 τᾶν
1372 1175 1481 1216 παῖδα
1508 1175 1580 1216 ι’δῶν

285 1234 338 1270 ἐπὶ
362 1235 424 1270 τοῦ
441 1233 541 1281 πυρός
555 1259 566 1277 ‚
589 1232 716 1273 Mino-e.
747 1234 920 1284 Aeschyli
941 1233 1040 1268 Pers.
1061 1245 1115 1269 vs.
1144 1234 1236 1282 983.
1251 1260 1260 1276 ‚
1292 1234 1474 1281 Euripidis
1493 1233 1580 1281 Iph.

286 1289 384 1324 Aul.
410 1289 524 1334 1587.
554 1288 624 1325 Sed
644 1290 820 1336 Apollon.
840 1288 960 1325 Rhod.
979 1289 1046 1323 IV.
1067 1288 1158 1334 874.
1176 1287 1332 1327 εἷσενόκτε
1353 1284 1469 1326 [larix
1486 1290 1582 1332 Φίλαν

285 1347 526 1391 σποιίροντκ
546 1340 600 1380 διοὲ
616 1342 754 1385 φλογός.
774 1345 896 1392 Iunge
915 1344 1151 1378 Valckenario
1166 1343 1367 1378 observata
1388 1343 1461 1378 lib.
1476 1344 1583 1380 V111.

292 1399 326 1435 5.
351 1397 477 1443 Ἰχθύες
497 1396 732 1436 νεοάλωτοι
762 1397 899 1435 reiecti
933 1397 983 1433 ob
1004 1397 1189 1433 vocabuli
1218 1397 1425 1433 mritatem
1445 1397 1584 1436 viden-

289 1460 369 1490 tur.
400 1454 689 1501 Opportunum
713 1453 821 1489 adest
839 1455 970 1491 Dionis
991 1453 1108 1490 Cassii
1128 1452 1201 1488 lib.
1220 1454 1356 1489 XLIX.
1376 1466 1415 1500 p.
1436 1453 1527 1502 473.
1548 1467 1583 1490 ε.

289 1509 353 1547 τοῖν
377 1524 412 1546 τε
444 1506 691 1546 νεοαλῶτων
712 1511 791 1551 τινὲς
815 1511 873 1545 καὶ
901 1506 1091 1549 Δαλμάται
1110 1507 1167 1544 σύν
1197 1506 1308 1550 αὐτοῖς
1331 1508 1578 1552 ἐπανέστησαν,

289 1563 337 1599 de
360 1577 480 1600 recens
509 1565 641 1612 captis.
668 1564 848 1603 WESS.

347 1620 367 1655 3
394 1633 466 1668 seq.
496 1616 740 1656 ἐποέλλοντό
774 1634 805 1655 τε
835 1620 893 1656 καὶ
926 1613 1161 1667 έό-ποιιρον)
1201 1618 1332 1667 Quam
1357 1618 1477 1653 verbo
1504 1617 1583 1653 for-

289 1687 396 1710 mam
432 1673 570 1710 induit
595 1675 698 1710 VIII.
728 1685 761 1709 c.
784 1673 842 1718 3„
864 1672 1086 1721 ι’ἷο-παιρον
1117 1671 1212 1708 hinc
1239 1672 1384 1708 excitat
1412 1673 1582 1710 Eustath.

288 1729 333 1764 in
355 1729 491 1777 Odyss.
509 1727 560 1772 μ’.
584 1741 666 1777 pag.
689 1736 763 1778 497
781 1755 791 1773 ,
813 1729 876 1764 50.
905 1730 1090 1765 Errorem
1117 1726 1160 1762 in
1190 1726 1334 1764 vicinis
1366 1728 1496 1765 Vallae
1526 1728 1582 1765 Io.

288 1786 507 1834 Hartungus
534 1784 615 1820 iam
642 1783 836 1829 correxit,
860 1786 993 1820 Locor.
1018 1783 1315 1819 Memorab.111.
1344 1795 1427 1831 cap.
1451 1796 1495 1829 7,
1521 1784 1583 1819 18.

290 1842 443 1876 VALC
458 1842 505 1875 K.
526 1860 577 1866 —-·
596 1840 833 1887 ‘Quemnam
859 1840 988 1874 Vallae
1015 1838 1058 1873 in
1080 1837 1226 1874 vicinis
1248 1849 1423 1874 errorem
1453 1849 1584 1888 corre·-

290 1894 396 1931 xerit
427 1897 669 1944 Har-tangus,
694 1894 811 1930 cuius
838 1893 944 1929 liber
971 1892 1018 1929 ad
1048 1905 1191 1929 manus
1220 1904 1299 1928 non
1326 1897 1406 1937 est,
1436 1893 1582 1930 nescio.

290 1950 399 1986 Illud
419 1950 558 1994 video,
585 1950 703 1985 verba
727 1949 754 1987 οἱ
782 1947 914 1996 τάριχοι
941 1946 1125 1985 ἐπάλλοντο
1152 1948 1460 1995 interpretatum
1493 1949 1584 1984 Val-

292 2007 363 2041 lam
384 2017 461 2041 esse
479 2007 631 2054 offoilla
654 2006 815 2041 salsurae
829 2005 978 2047 resiliit,
997 2002 1150 2039 scilicet
1167 2015 1214 2039 ex
1231 2004 1372 2039 Ionum
1393 2002 1584 2040 idiomate
1634 2050 1637 2052 v
1683 2034 1686 2037 ,

292 2059 474 2098 ἐπάλλοντο
509 2072 580 2108 pro
614 2055 793 2103 ἐφῆλλοντο
823 2057 1108 2107 accipientem:
1145 2058 1261 2093 cuius
1298 2057 1494 2095 rationem
1528 2069 1586 2095 se-

293 2126 418 2162 quens
441 2115 622 2151 Schulzius
654 2114 697 2148 in
722 2112 896 2149 Iudicem
923 2112 1155 2150 Graecitatis
1178 2111 1416 2149 Herodoteae
1441 2124 1489 2150 ex
1512 2113 1586 2149 hoc

294 2170 379 2217 ipso
406 2170 489 2206 loco
517 2170 684 2206 verbum
713 2166 966 2211 Ἐποέλλεο-θοιι,
991 2169 1148 2211 resilire,
1178 2168 1334 2204 retulit.
1362 2170 1418 2204 At
1438 2166 1585 2211 ἔφοέλλο-

293 2240 358 2266 μκι
377 2231 447 2261 aut
467 2226 662 2266 ἐποὲλλομαι
691 2236 770 2258 non
800 2228 878 2259 tam
903 2225 1058 2268 resilire,
1083 2235 1204 2270 quam
1234 2224 1372 2259 insilire
1388 2229 1427 2259 et
1452 2225 1587 2259 irruere

295 2283 334 2316 in
359 2283 510 2329 aliquem
541 2279 753 2328 significat.
801 2280 883 2314 Iam
913 2277 1012 2313 olim
1045 2283 1178 2313 autem
1203 2278 1414 2327 Sylburgius
1442 2278 1487 2313 in
1517 2289 1586 2314 ora

294 2336 473 2371 Herodoti
494 2334 618 2370 latine
635 2332 812 2369 francof.
839 2333 954 2382 1598.
976 2332 1074 2368 editi
1102 2339 1336 2377 monuerat,
1360 2344 1440 2369 esse
1460 2345 1481 2369 a
1500 2344 1589 2369 ver-

295 2391 345 2425 bo
373 2388 587 2431 πάλλεσθαι,
618 2389 761 2424 vibrare
793 2393 831 2423 et
863 2390 1006 2424 concuti
1037 2387 1313 2436 significante:
1345 2395 1448 2424 recte
1483 2399 1590 2423 vero.

296 2444 360 2482 Sic
380 2456 472 2481 sane
493 2446 578 2481 VII.
607 2451 702 2488 140,
725 2452 785 2487 14.
804 2439 935 2487 δείματι
962 2441 1169 2491 παλλόμενοι
1198 2448 1294 2478 sunt
1319 2449 1410 2479 melu
1435 2450 1590 2480 tremen-
