1718 2919
269 230 367 270 AD
409 228 824 269 HERono‘r.
868 227 1014 270 v111.
1043 229 1197 280 4⁶:47.
1326 236 1405 279 υς,

115 333 211 371 dicti
239 338 335 371 sunt
363 328 488 384 (ἔθνεσι
508 329 667 380 Ἰωνικαὶ)
697 331 770 369 dno*
795 331 1017 375 Ἀθηνέων,
1052 333 1208 370 Athenis
1228 333 1312 370 orti.
1359 334 1404 369 In
1442 353 1445 355 ·

115 388 309 438 proximis
331 389 479 424 frustra
510 386 586 423 sibi
620 387 831 423 Plutarchus
860 386 969 423 visus
993 392 1050 423 est
1080 387 1405 424 malevolentiam

113 443 321 486 detexisse,
336 445 377 480 T.
397 444 440 480 II.
462 455 546 491 pag.
566 442 656 491 869.
677 455 700 477 A
714 454 775 478 ·c.
805 443 908 478 Cum
930 452 1067 477 rerum
1090 441 1206 478 facies
1224 443 1404 479 multum

114 503 212 534 esset
239 503 410 541 mutata,
441 497 527 532 illis
553 496 665 532 abuti
699 509 777 532 non
802 496 991 541 debebat,
1020 509 1122 544 quae
1147 497 1247 532 olim
1266 508 1406 533 evene«

114 557 208 590 rant
227 553 301 588 sub
319 551 440 588 Dario
454 578 463 595 ,
483 552 666 588 Herodoto
687 550 857 587 narratis
879 550 950 586 lib.
968 553 1036 587 VI.
1055 564 1087 588 c.
1102 552 1166 600 96.
1184 553 1260 588 VA
1273 553 1341 588 LC
1354 553 1404 589 K.

174 620 233 654 17.
264 605 419 654 Κύθνιοι)
440 606 521 653 Qui
542 605 665 643 Κόνθιοι
695 605 788 650 illi,
818 605 967 653 quibus
996 611 1200 653 tantopere
1220 605 1404 642 delectati

114 660 284 699 fuerunt
311 661 502 698 librarii?
532 673 583 696 an
604 671 650 695 ex
670 666 805 696 monte
827 659 982 707 Cyntho
1008 659 1259 698 Cretensium
1276 667 1291 696 Ρ
1319 663 1404 697 Nu-

113 728 195 765 gae.
216 718 416 754 Cretenses
430 714 584 753 Graecis
599 721 735 751 contra
758 717 910 751 Persam
927 715 1128 764 suppetias
1142 727 1223 750 non
1244 714 1403 760 ierunt,

113 771 188 808 lib.
207 772 293 809 VII.
322 783 409 816 ¹70·
438 770 659 806 Redierunt
680 796 689 814 ‚
712 769 830 806 unica
853 770 1087 817 transposita
1113 770 1270 814 littera,
1299 770 1405 808 Κύθ·

114 840 219 868 noa,
248 837 294 861 ex
324 825 458 861 insula
487 825 656 876 Cythno;
679 838 777 872 quos
807 825 889 861 suis
920 824 963 859 in
992 825 1141 861 schedis
1163 823 1228 860 hic
1247 824 1405 861 invenit

113 879 330 917 Plutarchus
354 880 518 929 Malign.
548 893 585 927 p.
610 880 699 916 863.
723 895 777 924 E.,
798 880 1138 928 restituendosque
1156 885 1404 915 monuerunt

115 936 248 984 Georg.
265 936 450 972 Arnaldus
474 934 686 971 Animadv.
708 934 809 971 Crit.
838 947 921 982 cap.
946 934 1006 971 30.
1033 941 1072 971 et
1090 934 1181 972 Ahr.
1203 934 1403 971 Gronovius

112 989 160 1026 ad
176 992 323 1027 Aeliani
340 990 437 1026 Hist.
458 989 597 1026 Anim.
615 989 686 1026 lib.
702 991 808 1026 XVI.
831 989 894 1025 32.
932 989 990 1026 De
1011 990 1248 1042 Cythniorum
1265 995 1300 1025 et
1317 992 1403 1038 Sty-

112 1047 286 1081 reensium
312 1046 500 1096 Dryopica
522 1044 699 1094 origine,
724 1044 846 1094 steph.
866 1045 958 1094 Byz.
988 1050 1026 1080 et
1050 1046 1210 1081 Pausan.
1234 1043 1309 1080 lib.
1329 1045 1396 1082 IV.

115 1100 178 1145 54.
199 1100 320 1138 WES
333 1100 370 1136 S.

220 1151 366 1193 CAP.
394 1152 481 1193 XL
492 1151 604 1191 VII.
641 1166 678 1200 7.
713 1149 762 1193 vni·
790 1153 878 1201 μιῇ,
913 1154 973 1196 τῆς
1007 1147 1086 1202 ἦρχε
1106 1174 1123 1182 -
1139 1174 1156 1181 -
1176 1174 1193 1180 -
1214 1150 1400 1201 adema)

113 1209 241 1245 Unam
266 1221 404 1245 navem
426 1211 475 1245 ab
496 1207 802 1257 opulentissima
833 1213 919 1244 tum
940 1208 1076 1244 Italiae
1105 1207 1265 1244 civitate
1283 1210 1403 1245 Grae.

110 1263 166 1300 cis
182 1264 425 1300 auxiliarem
452 1264 611 1300 missam
630 1275 747 1298 nemo
767 1262 841 1298 sibi
866 1263 981 1298 facile
1004 1262 1272 1310 persuadebit:
1292 1264 1402 1298 mul·

112 1323 150 1355 to
168 1318 455 1364 verisimilius,
483 1326 538 1356 ter
559 1319 799 1370 Pythonicam
819 1319 1011 1368 Phayllum
1032 1318 1114 1354 suis
1134 1329 1271 1353 navem
1292 1330 1400 1353 sum-

110 1373 248 1421 ptibus
267 1373 502 1411 instruxisse
517 1401 527 1418 ‚
556 1386 635 1422 qua
656 1372 841 1410 Graeciae
866 1373 1008 1416 veteri,
1030 1372 1072 1407 in
1094 1385 1172 1420 qua
1199 1371 1310 1408 toties
1332 1373 1419 1408 h0-·

111 1440 249 1464 norem
289 1429 420 1465 suerat
451 1429 616 1475 adeptus
631 1454 641 1472 ‚
682 1426 928 1475 periclitanti
966 1433 1104 1475 sponte
1140 1439 1211 1463 sua
1245 1427 1400 1463 venerit

111 1482 289 1526 auxilio;
317 1484 418 1520 hanc
452 1489 581 1520 movet
606 1481 871 1529 suspicionem
901 1483 1122 1526 Pausanias,
1151 1481 1216 1517 eui
1247 1481 1321 1519 lib.
1347 1484 1398 1519 X.

110 1533 167 1587 [c.
194 1534 256 1588 9.]
282 1550 319 1586 p.
354 1539 444 1574 818.
471 1538 657 1585 Phayllus
687 1536 915 1572 Crotoniata
942 1535 1154 1582 ἐναυμάχησε
1185 1538 1242 1573 καὶ
1271 1536 1398 1573 ἐναντίοι

113 1593 174 1630 τοῦ
208 1590 346 1634 maweu,
373 1593 450 1630 ναῦν
484 1608 517 1629 τε
546 1589 883 1639 παρασκευασάμενος
906 1592 1047 1632 οἶκείοιν,
1081 1594 1139 1627 καὶ
1168 1591 1397 1638 Κροτωνιατῶν

114 1644 234 1684 ὄπᾶσοι
267 1644 442 1689 ἐπεδήμουν
469 1647 514 1694 τῇ
545 1643 685 1684 Ἐλλάδι
719 1644 916 1686 οἶνεβίβασει
942 1645 1012 1680 ubi
1045 1645 1300 1682 scribendum
1330 1658 1399 1693 po-

111 1700 194 1737 tius
223 1701 400 1740 s’vessa'ssms.
430 1700 494 1738 Sic
521 1699 777 1737 Atheniensis
810 1700 965 1737 Clinias
993 1698 1198 1748 ἐστρατεύετο
1224 1720 1240 1727 -
1259 1721 1276 1727 -
1295 1699 1397 1748 οἰκηίῃ

110 1752 178 1796 νηῒ,
214 1757 351 1792 Herod.
384 1757 487 1793 VIII.
518 1769 576 1801 17.
628 1756 770 1791 Parum
795 1760 926 1791 exacta
955 1754 1114 1803 scripsit
1141 1754 1184 1790 in
1211 1755 1318 1790 hunc
1350 1754 1398 1790 de

98 1809 272 1858 ⁴Phayllo
308 1812 486 1847 Herodoti
521 1811 653 1846 locum
682 1810 904 1846 Palmerius:
937 1811 1125 1846 Consentit
1164 1806 1287 1859 (ait)
1321 1822 1399 1845 cum

109 1865 299 1902 Herodoto
320 1866 521 1903 Pausanias
539 1867 578 1902 in
597 1865 778 1901 Phocicis:
803 1871 837 1901 et
859 1865 999 1901 videtur
1017 1867 1156 1909 omnia,
1182 1878 1271 1913 quae
1288 1865 1330 1901 de
1343 1885 1359 1891 -
1380 1883 1398 1892 -

108 1920 172 1956 illo
202 1927 355 1965 narrat,
386 1935 429 1956 cz·
448 1921 516 1956 hoc
534 1923 612 1956 loco
640 1921 828 1968 accepisse.
857 1921 1012 1956 Praeter
1030 1919 1111 1955 alia
1137 1919 1398 1955 monumenta

108 1979 260 2020 vetera,
282 1975 424 2011 habuit
445 1976 646 2011 Pausanias
675 1975 867 2024 catalogos
882 2004 890 2019 ,
913 1974 957 2009 in
974 1987 1073 2022 quos
1099 1974 1397 2010 hieronicarum

111 2029 275 2065 nomina
300 2035 340 2065 et
366 2030 468 2067 facta
489 2030 649 2065 fuerant
669 2030 817 2072 relata3
849 2041 919 2065 nec
938 2035 1041 2065 certe
1069 2028 1117 2064 de
1139 2029 1295 2078 P‘hayllo
1320 2035 1398 2065 tra-

111 2081 195 2118 dita
224 2084 371 2121 discere
403 2084 536 2133 potuit
553 2095 601 2120 ex
628 2085 843 2129 Herodoto;
870 2083 933 2120 sed
956 2083 998 2119 in
1025 2083 1066 2119 id
1094 2085 1211 2119 ambo
1238 2094 1400 2119 consen-

112 2137 244 2183 tiunt,
275 2144 321 2175 ut
341 2146 395 2177 ter
421 2140 558 2176 dicant
563 2136 684 2186 fuisse
715 2141 921 2180 Πυθιονίκην
955 2138 1066 2175 addit
1089 2140 1248 2175 Pausan.
1265 2137 1414 2191 'oxum--¹

112 2190 212 2229 molen
245 2195 303 2234 μὲν
337 2194 397 2232 οὐκ
429 2192 518 2233 ἔστιν
550 2192 644 2242 αὐτῷ
674 2194 757 2233 νίκη.
800 2194 866 2230 Ab
895 2194 967 2229 hoc
999 2193 1178 2230 diversus
1209 2193 1397 2240 Phayllus

110 2245 232 2282 fuisse
250 2246 408 2285 videtur
421 2247 703 2297 Olympionica
715 2274 724 2292 ,
743 2248 791 2284 de
806 2258 886 2296 quo
904 2254 1058 2296 praeter
1071 2249 1191 2285 Schol.
1206 2247 1400 2296 Aristoph-

109 2305 149 2336 et
166 2302 330 2347 saidam,
355 2303 436 2341 vid.
455 2303 587 2340 Zenob.
617 2304 730 2339 Cent.
755 2305 822 2342 VI.
850 2304 959 2340 Prov·
992 2303 1055 2339 23.
1083 2309 1123 2340 et
1152 2304 1319 2340 Eustath.
1349 2301 1397 2337 ad

112 2355 183 2393 od.
207 2356 244 2394 θ’.
276 2369 315 2404 p.
336 2358 427 2394 302.
451 2359 671 2395 VALCK.

165 2411 259 2448 Ibid.
288 2410 470 2460 Φοέῦλλος)
500 2412 662 2461 Egregia
680 2411 760 2448 viri
787 2412 897 2457 laus,
917 2412 1010 2461 qui,
1034 2423 1198 2460 magnae
1215 2410 1400 2448 Graeciae

111 2464 254 2502 incolis
287 2467 493 2503 auxilium
526 2466 788 2517 negantibus,
820 2464 997 2506 ἰδιόστολον
1025 2465 1112 2512 ἔχων
1137 2466 1215 2503 ναῦν
1247 2463 1400 2503 ἔπλευσεν
