1718 2919
320 220 393 258 194
582 205 1329 246 ADNOTATIONES

314 313 462 350 Donat.
483 323 515 348 c.
538 324 618 361 19„
639 324 758 360 quam
781 310 990 359 explicuit.
1026 311 1086 348 Ad
1110 324 1191 348 rem
1219 310 1606 361 significantissimae

317 368 486 404 fuissent
513 365 712 403 dedicatae
742 366 813 402 hae
838 366 1041 411 triremes,
1072 378 1141 402 nec
1171 366 1306 402 minus
1325 379 1344 402 a
1368 366 1603 404 Phormione

314 428 353 460 et
386 421 650 471 popularibus
686 427 903 458 consecrata
937 423 1124 468 Neptuno
1157 421 1202 457 ad
1236 420 1386 457 Rhium
1420 422 1602 458 Aetoliae

312 477 417 526 apud
442 478 685 528 Thucydidem
706 478 752 513 ΙΙ.
775 478 858 521 84.;
888 482 973 512 tum
995 476 1073 512 Iovi
1096 475 1209 513 Casio
1239 476 1280 511 in
1303 477 1469 524 Corcyra
1491 477 1603 514 insu-

312 534 375 578 la,
405 544 452 569 ex
490 532 678 569 solidiore
709 537 840 568 tamen
877 530 1070 576 materia,
1104 530 1147 566 in
1177 532 1344 580 Procopii
1374 531 1454 569 Bet.
1483 532 1601 570 Goth.

312 588 386 625 lib.
404 589 473 625 IV.
497 600 582 628 22.,
607 593 650 622 ut
668 587 767 622 alias
793 598 842 622 ne
868 592 1037 635 tangam.
1074 585 1251 623 WESS.

424 640 567 682 CAP.
597 639 801 680 CXXII.
833 654 869 676 2.
899 641 924 677 εἶ
949 638 1190 688 λελάβηκε)
1221 640 1293 676 Hic
1312 652 1473 689 quoque
1491 652 1600 676 nunc

312 697 432 734 scribi
464 697 606 733 malim
638 696 664 733 εἷ
690 694 940 736 agamemn,
976 709 1057 731 num
1090 689 1303 743 accepisset.-
1341 695 1445 744 quod
1477 707 1597 744 supra

313 750 473 790 Codices
491 751 687 788 dederunt
709 765 746 800 p.
762 764 851 797 217,
875 763 910 796 7.
941 745 1026 799 [ΙΙΙ.
1048 759 1111 794 42,
1127 746 1215 800 20.]
1244 748 1457 799 Vulgatam
1489 762 1600 798 prae-

313 810 407 852 fert,
424 807 494 843 ubi
513 807 605 842 haec
624 806 831 850 describit,
852 806 1037 842 Plutarch.
1062 804 1109 840 de
1129 804 1268 841 Herod.
1284 804 1379 845 Mal.
1399 818 1437 852 p.
1456 807 1546 851 871.
1567 818 1599 841 o.

309 862 525 912 aegerrime
554 863 680 898 serens
699 888 708 906 ,
741 861 836 897 huic
864 860 912 895 de
942 858 1145 909 Aeginetis
1172 859 1323 895 iudicio
1355 859 1599 907 Delphicum

313 919 442 954 Deum
464 917 528 952 hic
547 922 748 953 auctorem
771 914 958 956 inscribi;
981 914 1013 951 is
1033 914 1142 951 enim
1164 913 1275 950 iuxta
1293 915 1431 952 Herod.
1451 911 1533 965 [lin.
1549 911 1603 963 4.]

313 972 453 1009 κ’ποιίτεε
473 970 595 1015 ocia-0235
612 970 656 1009 τοτ’
679 970 835 1020 α’ριττνῖϊοι
867 968 925 1012 τῆς
956 969 983 1007 ἔν
1004 971 1176 1010 Σαλαμῖνι
1203 970 1403 1014 ναυμαχίης.
1447 970 1600 1006 Acerbe

309 1027 500 1064 Plutarch.
531 1026 607 1063 Οὐκ
633 1023 683 1063 ἔτι
714 1024 880 1068 Σκύθαις,
906 1023 985 1068 ait,
1019 1021 1089 1061 οὐδὲ
1118 1024 1276 1071 Πέρσαις,
1310 1020 1377 1061 οὔδ’
1407 1024 1600 1067 Αἰγυπτίοις

310 1081 385 1125 τούς
405 1081 522 1119 ἑαυτοῦ
547 1079 666 1123 λόγους
686 1079 854 1119 οἷνατίθκτι
874 1076 1049 1116 πλοέττων·
1075 1075 1203 1126 (ὥσπερ
1225 1077 1376 1121 Αἴσωπος
1401 1077 1516 1125 κόραξι
1538 1081 1598 1116 καὶ

309 1134 496 1184 πιθήκοις)
526 1133 623 1173 α’λλοῖ
656 1135 705 1182 resi
731 1135 790 1171 τοῦ
822 1135 941 1171 Πυθίου
967 1131 1129 1180 προσώπῳ
1161 1130 1344 1180 χρώμενος,
1375 1131 1507 1170 olm-0192?
1533 1134 1598 1170 τῶν

310 1193 485 1232 Σαλαμῖνι
514 1191 672 1235 πρώτείων
699 1186 762 1231 τοὶς
782 1187 931 1230 Ἀθήνας.
983 1188 1110 1236 Quem
1141 1185 1253 1223 toties
1279 1185 1495 1223 criminose
1523 1192 1602 1223 tra-

307 1245 421 1281 ducit
442 1250 632 1292 tanquam
663 1243 710 1279 ad
743 1243 992 1279 voluntatem
1019 1240 1329 1278 Atheniensium
1360 1241 1600 1290 loquutum,

310 1313 383 1336 cur
401 1299 488 1336 illis
509 1300 572 1335 hic
588 1303 726 1346 sponte
744 1310 813 1334 sua
833 1297 1084 1345 praetulisset
1098 1296 1334 1345 Aeginetas?
1363 1295 1467 1333 Side
1484 1296 1602 1346 Aegi-

309 1354 411 1391 netis
431 1353 577 1402 scripta
600 1354 695 1389 salsa
721 1352 908 1396 fuissent,
937 1357 1008 1387 aut
1026 1351 1194 1388 Athenis
1214 1355 1350 1400 negata
1366 1377 1376 1394 ‚
1407 1350 1536 1387 iussus
1560 1356 1599 1387 et

307 1411 381 1446 illa
412 1408 604 1457 potuisset
626 1407 894 1452 μετασκευάσκκ
923 1406 1018 1442 adeo
1051 1418 1179 1454 neque
1198 1405 1294 1441 huic
1313 1404 1592 1442 criminationi

307 1464 452 1514 species
478 1464 586 1500 adest
605 1461 914 1511 probabilitatis.
944 1462 1160 1499 VALCK.

368 1520 405 1556 5.
432 1517 478 1556 τοὶ
500 1517 655 1566 α’ριστήϊοι
683 1517 739 1560 τῖς
769 1516 798 1554 ἔν
821 1519 994 1557 Σαλαμῖνι
1014 1514 1107 1564 etc.)
1137 1514 1436 1552 Animadvertit
1453 1515 1598 1552 Plutar-

309 1576 397 1611 chus
421 1573 579 1622 liquida
604 1572 647 1608 in
679 1571 739 1608 his
768 1571 1031 1620 malignitatis
1051 1570 1222 1616 indicia,
1255 1570 1317 1607 sed
1337 1569 1499 1606 iratior:
1532 1582 1600 1618 po-

308 1630 384 1666 sito
404 1628 532 1665 animi
551 1633 659 1663 aestu
687 1626 800 1675 (Vit.
816 1625 1007 1663 Themist.
1028 1639 1068 1674 p.
1089 1639 1177 1663 120.
1199 1623 1247 1674 e.)
1284 1628 1445 1670 Nostin,
1471 1635 1600 1673 neque

309 1684 529 1728 illaudato,
555 1681 715 1718 accedit.
748 1683 953 1730 Aeginetis,
979 1681 1061 1717 sive
1079 1687 1165 1717 astu
1187 1680 1227 1716 id
1247 1679 1423 1716 evenerit
1442 1679 1600 1727 Sparta-

310 1751 478 1783 norum,
494 1750 560 1774 seu
583 1749 715 1785 reapse
735 1736 782 1772 ad
800 1735 1043 1772 Salaminem
1062 1742 1206 1771 ceteros
1225 1735 1351 1785 gloria
1369 1733 1601 1780 anteierint,

303 1797 466 1844 palmam
488 1796 581 1830 inter
603 1794 764 1830 civitates
775 1789 896 1838 fuisse
914 1792 1174 1835 contributum,
1200 1790 1422 1839 priscorum
1441 1800 1601 1825 consen·-

309 1862 374 1885 sus
398 1854 476 1888 est,
505 1849 659 1885 Diodori
685 1847 757 1883 lib.
784 1848 850 1883 XI.
874 1859 958 1890 27.‚
986 1848 1133 1883 Aeliani
1156 1844 1316 1882 Variar.
1336 1845 1421 1881 XII.
1445 1856 1504 1880 10.
1522 1850 1594 1882 etc.

309 1906 397 1941 Mox
415 1900 497 1954 [lin.
514 1899 567 1953 8.]
595 1902 721 1947 male,
741 1901 812 1938 etsi
832 1907 961 1937 crater
982 1912 1128 1937 aureus
1142 1899 1289 1945 fuerit,
1309 1898 1470 1936 schedae
1481 1898 1598 1936 Areh.

309 1958 407 1995 Redi
425 1958 472 1994 ad
493 1957 566 1994 lib.
587 1960 614 1994 Ι.
636 1957 698 1993 51.
720 1956 901 1993 WESS.

420 2010 564 2051 CAP.
588 2008 818 2051 CXXIII.
847 2018 883 2055 4.
914 2007 1097 2052 διένεμον
1123 2007 1186 2051 τοὶς
1204 2004 1447 2055 ψήφουςεὲε.)
1474 2007 1618 2054 Nolo,-

311 2079 557 2116 quamquam
589 2067 788 2114 locuplete
817 2064 1035 2113 pristinum
1055 2063 1291 2100 auctoritate
1312 2061 1520 2107 munitur,
1548 2062 1600 2098 li-

315 2128 390 2158 tem
411 2128 564 2169 recepto
583 2132 751 2157 movere.
785 2119 912 2169 [Vide
941 2131 1031 2155 mox
1053 2120 1285 2155 Valckenario
1306 2113 1479 2167 notata]
1497 2116 1601 2160 ''l-302.

311 2193 382 2224 ρον,
414 2176 520 2224 quod
547 2176 702 2212 duobus
734 2175 778 2210 in
808 2173 1042 2217 Codicibus‚
1070 2173 1375 2221 adstipulatores
1400 2173 1598 2208 Aristidem

309 2233 352 2268 T.
372 2232 417 2268 II.
448 2244 484 2278 p.
514 2233 605 2267 218.
630 2236 668 2266 et
695 2229 882 2266 Plutarch.
907 2229 1042 2264 Thcm.
1076 2242 1113 2276 p.
1147 2241 1233 2263 120.
1267 2242 1302 2264 n.
1330 2227 1599 2262 nanciscitur:

309 2286 377 2322 hic
399 2286 508 2321 enim
534 2284 605 2323 dm*
628 2286 688 2322 τοῦ
711 2285 831 2325 βωμοῦ
855 2282 909 2324 rn'v
933 2284 1049 2325 ψῆφον
1070 2281 1213 2330 ἔφερον
1235 2282 1261 2319 οἱ
1279 2283 1477 2329 στρατηγοῖς
1511 2282 1596 2328 ple-

310 2341 405 2376 nius
424 2340 518 2384 ille‚
549 2341 605 2377 καὶ
627 2339 834 2387 Φερέντων
863 2337 919 2378 τῆν
941 2338 1057 2381 *duitor
1079 2336 1152 2374 x'no'
1181 2336 1241 2373 τοῦ
1257 2336 1375 2376 βωμοῦ
1398 2335 1457 2372 τοῦ
1478 2341 1596 2373 Ποσει-

310 2391 402 2434 δῶνος
426 2398 494 2442 περὶ
527 2395 590 2432 τῶν
619 2392 811 2438 ducrum:
844 2391 948 2427 unde
982 2392 1157 2428 Canterus
1188 2389 1473 2428 Chaeronensis
1504 2400 1596 2425 arae

309 2451 488 2498 stephan,
517 2445 728 2491 Ποσειδῶνος,
765 2447 934 2484 titulum
966 2446 1236 2483 instauratum
1271 2444 1423 2489 voluit,
1454 2446 1596 2482 Nostro
