1718 2919
308 264 404 304 AD
450 262 857 303 HERODOT.
901 261 1052 305 VIII.
1100 279 1164 307 ιι.
1322 274 1372 317 83

81 371 194 410 vium
215 371 258 407 in
277 371 436 408 hostiles
451 371 561 406 iuxta
582 383 742 418 proram
765 370 948 418 impactis
962 397 971 415 ‚
989 371 1081 408 illas
1097 379 1299 421 ceperunt.
1332 375 1375 412 Si

83 427 175 476 quis
191 427 338 463 certius
354 425 564 474 quidpiam
581 425 794 470 obtulerit,
818 426 959 461 lubens
979 437 1046 474 ego
1066 428 1274 475 accipiam.
1307 427 1378 481 8.]

145 483 164 517 8
179 502 196 508 -
212 494 274 517 10.
301 481 426 525 πρῶτος
456 477 486 517 δὲ
504 478 667 520 Ἑλλήνων
687 504 703 511 -
723 504 739 512 -
756 505 772 511 -
787 503 802 510 -
825 477 1016 522 Λυκομήδης
1041 482 1285 532 Αἶσχρέου)
1303 485 1379 536 Ly..

87 536 221 573 comedi
252 535 360 571 hunc
390 534 511 570 etiam
544 535 731 570 honorem
754 534 1183 572 contribuitPlutarch.
1212 537 1254 572 in
1282 541 1380 575 Thea

86 591 196 627 inist.
218 603 257 638 p.
283 603 294 625 1
310 603 368 639 ¹9·
396 603 427 625 F.
458 585 526 639 [at
546 589 603 624 ibi
623 589 670 624 de
691 602 819 638 pugna
839 589 885 624 ad
917 589 1160 626 Salaminem
1187 592 1270 640 agit
1297 595 1380 630 Plu-

89 642 236 695 tarch.]
264 644 336 692 qui
360 643 526 679 aliunde
556 644 689 680 hausit
716 643 812 687 ista,
842 655 1025 692 quaeque
1052 644 1174 681 tradit
1191 647 1239 681 de
1256 648 1380 685 Athe·

88 700 297 737 niensibus
313 699 480 735 Aminia
501 704 539 734 et
557 698 702 735 Sosicle
715 725 724 742 ‚
748 699 890 736 Xerxis
912 698 1075 734 fratrem
1097 700 1355 739 Ariamenem
1369 729 1379 748 ‚

87 755 133 791 in
160 767 273 791 suam
305 765 444 790 navem
476 753 749 797 insilientem,
778 754 820 788 in
856 764 965 788 mare
996 755 1378 802 praecipitantibus:

87 815 227 847 eorum
248 808 422 845 alterum
440 809 646 844 Scholiasta
671 821 832 856 quoque
859 815 1053 844 memorat
1074 811 1248 847 Aristidis
1275 811 1382 849 ined.

87 864 160 901 ubi
189 863 232 899 in
266 864 479 899 Panathen.
498 865 539 899 T.
561 865 587 899 l.
612 876 649 910 p.
673 872 762 907 244.
795 863 933 898 navale
958 863 1156 910 praelium
1185 866 1382 914 auspicati

89 920 212 967 πρῶτοι
231 918 427 954 dicuntur
445 916 724 957 Athenienses;
749 918 910 960 Σωκλῆς,
934 917 1092 965 inquit,
1120 919 1266 966 πρῶτος,
1288 920 1381 962 Ἀθη-

90 976 194 1018 vectu,
227 973 357 1011 ἐνέβαλε
387 972 534 1021 Περσικῇ
559 970 625 1014 tui,
656 975 713 1009 καὶ
744 970 884 1013 ἐνεποέγκ
919 970 936 1008 o‘
966 970 1129 1015 ε”μΒελςςτ
1150 973 1215 1009 hic
1241 977 1383 1020 Sedes,-

89 1027 196 1076 apud
218 1027 405 1064 Plutarch.
434 1026 628 1062 scribitur
647 1028 836 1069 Σωτικλῆς.
867 1026 1102 1063 Corinthius
1132 1034 1266 1065 contra
1288 1033 1383 1067 Sosi-

89 1085 160 1119 cles
179 1083 367 1119 Herodoto
389 1085 440 1119 V.
464 1094 526 1132 9²·
544 1085 661 1118 Socles
684 1081 856 1125 dicitur,
879 1087 923 1116 ut
941 1082 1137 1118 Plutarcho
1168 1085 1210 1118 Τ.
1231 1085 1276 1120 ΙΙ.
1299 1098 1384 1134 pag.

94 1138 185 1181 860,
203 1150 234 1173 r.
252 1136 307 1173 sic
327 1136 370 1172 in
390 1137 547 1172 duobus
563 1137 740 1173 Herodoti
758 1135 991 1172 Coclicibus:
1018 1136 1097 1173 vid.
1119 1137 1241 1174 huius
1259 1139 1328 1177 Ed.
1347 1154 1383 1188 p.

90 1196 184 1236 418.
211 1187 313 1241 [lib.
334 1194 386 1228 V.
403 1204 437 1227 c.
461 1188 552 1241 92.]
584 1193 768 1227 Ceterum
789 1193 892 1240 patri
912 1193 1122 1240 Lycomedis
1154 1205 1296 1230 nomen
1318 1195 1385 1230 da-

91 1252 161 1282 tur
176 1245 220 1281 in
239 1246 335 1283 Edd.
357 1247 535 1282 Herodoti
555 1246 791 1293 Αἷσχρέουῐ
827 1245 870 1280 in
896 1247 992 1282 Med.
1018 1246 1112 1283 Cod.
1130 1247 1383 1297 Αἰσχραίου.

89 1301 156 1338 Sic
179 1300 223 1336 in
253 1300 441 1337 omnibus
461 1301 493 1341 si
524 1301 625 1337 forte
655 1300 775 1337 codd.
794 1300 1058 1345 scriberetur,
1092 1302 1281 1339 omnibus
1311 1305 1384 1340 Co-

90 1355 249 1392 dicibus
269 1368 362 1392 usus
391 1361 487 1392 esset
515 1356 674 1392 Atticus
703 1355 1020 1403 anteponendus:
1050 1355 1182 1391 Attica
1216 1356 1384 1394 fuerunt

92 1410 257 1453 nomina
279 1411 444 1459 Χαιρέας,
471 1411 624 1453 Δημέας,
649 1411 819 1457 Ταυρέας,
846 1411 1076 1457 Αἶσχρέας.
1100 1411 1318 1448 VALCK.

96 1477 100 1480 ⁴
150 1479 172 1515 9
193 1478 265 1514 seq.
293 1462 487 1508 Λυκομήδης
519 1462 669 1513 Αἰσχρ.)
705 1465 939 1500 Plutarchum
957 1464 1147 1500 Themist.
1174 1478 1212 1513 p.
1250 1479 1336 1517 119.
1354 1481 1385 1505 r.

93 1519 126 1556 si
148 1520 360 1563 audimus,
390 1520 604 1570 Lycomedes
625 1518 758 1554 navali
782 1518 828 1553 ad
852 1518 1094 1555 Salaminem
1123 1521 1274 1567 praelio
1304 1522 1388 1570 pri-

94 1583 185 1610 mus
215 1573 399 1610 hostilem
422 1585 559 1610 navem
581 1573 814 1620 intercepit,
841 1580 878 1608 et
904 1579 1038 1620 raptae
1055 1573 1248 1622 παράσημος
1263 1577 1388 1625 Apol-

93 1629 174 1664 lini
207 1629 458 1666 consecravit.
509 1628 579 1665 Sed
610 1641 689 1664 non
718 1627 851 1663 audio.
897 1628 1090 1664 Patris-ne
1122 1628 1207 1665 eius
1242 1643 1387 1668 nomen

95 1684 261 1730 Αἷσχρέας
282 1683 426 1727 fuerit,
453 1696 504 1720 an
523 1683 723 1731 Αἰσχξαῖος,
755 1694 801 1718 ex
819 1682 986 1718 dialecto
1007 1684 1105 1718 bene
1130 1685 1388 1723 Valckenarius

93 1738 286 1775 decernit.
308 1740 364 1776 W
377 1739 441 1775 ES
453 1739 492 1776 S.

100 1792 104 1797 '
156 1806 217 1830 11.
246 1793 500 1841 ἑτεραλκέως
524 1789 805 1841 α’γωνιξομένους)
839 1792 958 1828 Libro
982 1794 1048 1829 IX.
1076 1805 1108 1828 c.
1141 1806 1226 1830 102.
1258 1795 1389 1844 ἑτεραλ-

97 1847 159 1886 κέα
181 1845 299 1892 μα’χῆν
325 1847 448 1892 dixit,
469 1853 514 1883 ut
538 1849 711 1883 Homerus
745 1846 861 1892 μα’χνις
885 1847 1058 1895 {repuncta
1088 1851 1186 1888 ιίκνιυ.
1217 1850 1386 1897 Quando

93 1901 210 1939 victis
233 1902 363 1938 virtus
383 1902 538 1938 redibat
560 1902 600 1937 in
632 1902 881 1950 praecordia,
914 1908 1021 1949 tum,
1044 1902 1114 1949 qui
1133 1915 1172 1938 se
1193 1906 1389 1951 putabant

94 1956 280 2001 victores,
295 1959 380 1997 vlam
394 1964 608 2005 reportasse
619 1957 815 1993 dicuntur
831 1957 1016 2004 ἑτεραλκέα.
1038 1960 1198 1993 Veteres
1215 1970 1390 2007 sequun-

97 2016 167 2047 tur
186 2011 229 2047 in
253 2012 324 2048 hae
343 2024 435 2048 voce
452 2011 680 2060 Sophistae2
706 2019 860 2060 practer
879 2012 977 2047 alios
996 2014 1281 2061 Aelianusapud
1313 2016 1392 2051 Sui-

97 2066 181 2101 dam
199 2066 243 2101 in
259 2065 506 2115 Ἀρτιμῶρκτος.
534 2069 681 2103 Aeliani
700 2068 838 2110 verba,
866 2078 968 2114 quae
988 2066 1077 2102 illie
1100 2068 1314 2116 leguntur,
1345 2068 1389 2105 ni

99 2120 243 2166 fallor,
269 2121 312 2156 in
346 2122 453 2158 libro
485 2124 553 2170 περὶ
583 2123 734 2168 Προνοίας
755 2122 827 2156 illa
865 2128 1150 2169 praecesserant
1183 2123 1389 2170 proxima,

98 2186 202 2223 quae
219 2175 304 2211 sine
322 2177 495 2213 auctoris
510 2178 675 2212 nomine
692 2183 867 2223 prostant
884 2176 987 2223 apud
1004 2178 1101 2212 Suid.
1119 2179 1160 2212 in
1181 2191 1261 2214 voc.
1278 2176 1391 2216 ’Am-›-

98 2228 233 2267 λεύτων.
267 2233 323 2268 Ex
343 2232 477 2267 eodem
497 2244 614 2279 opere
634 2234 780 2268 Aeliani
802 2231 975 2279 perdito,
1005 2238 1159 2279 praeter
1186 2239 1277 2269 nota
1308 2233 1390 2269 iam

99 2284 308 2330 omnibus,
335 2286 553 2335 fragmenta
578 2288 769 2336 leguntur
787 2287 891 2334 apud
911 2287 1009 2322 Suid.
1031 2286 1230 2334 plurima3
1253 2299 1312 2324 ex,
1331 2301 1390 2337 gr.

103 2339 149 2374 in
166 2337 370 2384 Ἀλῶμενος,
394 2340 412 2378 o‘
431 2339 460 2379 δὲ
483 2340 650 2384 Θεοὰύλκς
665 2348 737 2378 etc·
767 2343 869 2378 Porti
887 2341 1015 2388 turpis
1032 2353 1143 2377 error
1159 2342 1305 2391 corrigi
1326 2343 1390 2378 de-

98 2392 243 2430 buerat
262 2406 282 2429 a
311 2398 494 2440 mistero,
525 2396 726 2446 scribique
752 2395 934 2439 θεοσύλῃς,
965 2408 1045 2431 non
1078 2397 1296 2444 Theosylas,
1326 2397 1389 2433 sed

101 2451 326 2499 sacrilegum
346 2450 419 2499 qui
435 2451 489 2486 sic
508 2451 662 2487 dicitur
678 2454 832 2488 Aeliano
852 2451 911 2487 bis
932 2450 974 2485 in
996 2454 1092 2486 Var.
1109 2453 1206 2487 Hist.
1227 2458 1264 2487 et
1284 2450 1390 2499 apud

100 2505 246 2541 suidam
264 2503 307 2540 in
329 2504 520 2547 Ἀνέστουςε
553 2505 570 2543 ὁ
592 2504 622 2543 δὲ
639 2504 713 2549 τούς
732 2504 897 2547 &eadmer
921 2503 1105 2543 οἰπέκτεινε.
1134 2508 1343 2543 VALCK.

1039 2561 1065 2594 F
1095 2573 1114 2596 2
