1718 2919
356 209 449 249 AD
487 208 1148 260 HERODOT.V111.17.
1338 198 1409 259 '89

123 319 163 352 et
174 313 222 351 ad
244 314 396 351 Diodor.
414 315 455 350 T.
476 315 502 349 I.
526 327 563 362 p.
584 315 674 358 482.
699 315 743 351 T.
763 315 805 350 II.
824 326 862 361 p.
886 322 948 357 44.
979 314 1053 350 Sua
1081 313 1124 349 in
1149 312 1330 349 ordinem
1349 312 1411 347 di-

122 369 274 419 gerenti
291 368 401 405 venit
428 368 531 404 idem
551 368 594 403 in
618 374 789 404 mentem
816 370 984 412 Valesi05
1002 367 1073 416 qui
1088 395 1098 410 ,
1119 368 1165 404 ad
1185 371 1304 417 Harp.
1325 380 1410 416 pag.

126 425 217 460 215.
248 424 441 460 Isocratem
468 423 614 466 citans,
651 423 834 458 eumdem
872 423 995 458 illum
1029 429 1184 458 tantum
1220 423 1410 470 respicere

123 478 258 527 potuit
275 479 447 514 Isocratis
471 478 618 513 locum.
649 480 727 513 Hoc
752 477 887 525 itaque
907 483 1059 513 certum
1088 483 1164 521 est,
1187 477 1228 512 in
1258 477 1408 524 praelio

123 533 171 569 ad
196 535 412 570 Coroneam
427 559 436 572 .
464 545 544 580 quo
560 532 759 568 Tolmides
787 532 869 580 ipse
887 532 1029 567 cecidit
1046 532 1285 579 imperator,
1307 543 1411 567 mor-

124 592 242 624 tuum
261 588 459 624 Cliniam:
481 587 625 623 vellem
643 599 751 622 nunc
765 586 953 622 alicunde
970 592 1184 631 constaret,
1201 593 1409 622 mortuum

123 641 215 678 illic
246 642 423 679 Cliniam
454 641 592 677 relicto
623 641 752 677 filiolo
784 641 1016 686 Alcibiade,
1046 647 1122 677 tres
1145 641 1283 677 saltem
1313 653 1410 688 qua-

124 702 264 733 tuorve
277 709 399 733 annos
420 703 524 732 nato.
556 696 868 732 Atheniensibus
889 697 1115 732 luctuosum
1136 695 1281 731 accidit
1299 694 1407 730 illud

121 751 321 799 praelium
346 754 464 787 mullis
484 753 589 787 annis
611 758 696 786 ante
717 751 840 787 bellum
865 752 1216 799 Peloponnesiacum,
1245 756 1290 786 ut
1317 761 1407 786 vere

122 805 263 842 scribit
280 807 438 842 Duker-us
461 806 507 841 ad
537 806 738 857 Thucydid.
764 808 790 841 Ι.
818 806 905 841 113.
935 806 1035 842 Belli
1061 812 1193 841 autem
1222 805 1410 852 Pelopon-

122 860 267 896 nesiaci
290 873 396 896 anno
415 861 576 896 demum
606 873 678 896 x11.
705 861 911 909 aequalem
935 873 1053 897 suum
1084 859 1334 895 Alcibiadem
1364 859 1408 894 in

120 927 275 951 scenam
296 915 523 951 historicam
555 914 685 962 prima
708 916 793 951 vice
824 915 1006 962 producit
1028 916 1192 966 Thucyd.
1213 914 1284 950 lib.
1305 917 1354 950 V.
1376 926 1408 950 c.

121 970 186 1014 43.
203 996 212 1013 ‚
232 969 297 1004 cui
318 976 403 1005 tum
421 970 540 1006 fuisse
558 969 710 1006 dicitur
725 970 787 1005 vir
807 969 962 1005 iuvenis
977 967 1189 1011 Ἀλκιβιάδης
1205 968 1223 1006 o‘
1241 971 1406 1012 Κλεινίου,

121 1022 200 1071 dvii?
219 1023 334 1071 n‘mnlqz
357 1023 406 1061 ἔτι
426 1022 503 1061 τότε
520 1023 561 1061 ὢν
582 1025 654 1066 νέος.
683 1026 850 1060 Eduardo
865 1027 1045 1067 Simsono,
1063 1024 1111 1059 ad
1128 1026 1176 1060 A.
1194 1025 1245 1059 M.
1263 1024 1382 1059 3562.
1396 1049 1405 1067 2

121 1079 188 1114 hoc
205 1080 346 1114 circiter
361 1092 458 1114 anno
482 1077 494 1127 (
510 1079 576 1115 Ol.
595 1080 642 1123 84
657 1105 666 1123 ‚
688 1078 750 1126 2.)
779 1087 885 1116 natus
905 1079 1066 1115 videtur
1084 1078 1301 1114 Alcibiades.
1324 1079 1402 1113 lam

119 1139 214 1168 ante
233 1133 387 1169 Clinias
414 1133 517 1169 illuc
545 1133 717 1176 abierat3
752 1146 844 1170 nam
875 1133 1002 1170 clades
1019 1133 1327 1169 Atheniensium
1358 1132 1406 1168 ad

120 1188 339 1224 Coroneam
359 1193 541 1224 evenerat
561 1188 626 1224 Ol.
651 1189 718 1232 85,
743 1201 777 1224 2.
807 1188 877 1225 Sed
898 1188 1082 1232 fallitur,
1113 1192 1157 1224 ut
1179 1193 1297 1234 puto,
1317 1189 1407 1223 Sim-

117 1255 248 1281 sonus;
278 1242 466 1291 quodque
493 1242 636 1278 retulit
663 1243 696 1279 is
718 1242 760 1278 in
781 1244 831 1279 A.
856 1245 909 1281 M.
931 1244 1074 1289 3571„
1105 1242 1327 1279 Alcibiadis
1356 1241 1405 1277 ad

117 1297 307 1333 Periclem
326 1297 480 1333 dictum
497 1323 506 1341 ‚
525 1297 565 1332 id
585 1297 719 1333 iuveni
744 1298 876 1345 potius
896 1297 1081 1346 congruit
1100 1309 1222 1332 annos
1238 1296 1408 1344 quinde-

116 1351 218 1394 cim,
236 1364 358 1399 quam
379 1363 502 1399 puero
521 1363 660 1388 novem
688 1365 811 1388 annos
831 1358 935 1389 nato.
976 1352 1038 1388 Sic
1059 1351 1225 1400 triginta
1245 1351 1407 1387 circiter

117 1418 241 1442 annos
263 1412 379 1442 natus
408 1407 585 1454 prodiret
613 1407 655 1442 in
684 1407 897 1452 publicum
924 1406 1028 1454 apud
1058 1407 1219 1457 Thucyd.
1246 1406 1297 1442 V.
1319 1406 1406 1451 45..

119 1473 250 1509 neque
266 1467 360 1497 ante
381 1460 420 1495 id
441 1461 579 1497 aetatis
599 1461 742 1497 licebat
763 1461 933 1497 Athenis
952 1459 1149 1508 δημηγορεῖν.
1192 1460 1254 1497 Sic
1275 1461 1406 1508 potuit

119 1527 141 1551 a
159 1521 270 1563 patre
290 1515 426 1552 Clinia
452 1515 632 1563 relinqui
650 1516 713 1552 vel
737 1516 906 1552 triennis
925 1526 1025 1563 puer
1043 1516 1104 1551 vel
1122 1515 1404 1563 quadriennis3

119 1569 182 1606 sed
207 1583 227 1606 a
256 1575 366 1617 patre
397 1570 569 1605 mediam
602 1576 768 1606 aetatem
793 1571 947 1606 dudum
977 1575 1279 1618 praetergresso:
1313 1583 1406 1605 nam

119 1625 184 1660 hic
213 1626 400 1661 Herodoto
424 1630 583 1660 narrata
615 1630 834 1661 evenerunt
863 1625 1018 1660 duobus
1040 1630 1078 1660 et
1100 1624 1262 1673 triginta
1292 1626 1409 1660 annis

118 1684 210 1714 ante
229 1685 396 1715 mortem
419 1679 590 1716 Cliniae.
620 1681 720 1715 Puer
737 1686 870 1716 autem
887 1706 896 1723 ‚
922 1679 965 1714 in
993 1679 1137 1715 tutoris
1157 1680 1219 1714 sui
1247 1679 1408 1715 Periclis

118 1733 236 1769 domo
264 1734 474 1778 educatus,
506 1734 769 1783 paedagogum
801 1735 989 1770 Thracem
1015 1734 1228 1781 quemdam
1264 1734 1408 1770 habuit

116 1790 315 1836 Zopyrum
331 1815 341 1833 7
359 1794 574 1836 antequam
594 1802 615 1824 a
636 1789 777 1837 Gorgia
797 1789 954 1825 iuvenis
972 1788 1146 1837 aliisque
1163 1788 1407 1825 erudiretur.

117 1845 410 1891 Praeceptorem
439 1855 540 1891 puer
564 1843 749 1879 habuisse
781 1844 910 1879 fertur
937 1842 1110 1886 Σώφιλον,
1141 1850 1292 1890 patrem
1324 1856 1410 1879 ora-2

121 1898 215 1934 toris
235 1897 522 1946 Antiphontis3
555 1910 674 1946 quem
697 1892 1026 1934 inimicissimum
1053 1898 1258 1933 Alcibiadi
1288 1898 1411 1933 fuisse

117 1958 269 1989 constat
284 1965 331 1989 ex
351 1952 544 1988 orationis
565 1953 708 2002 fragm.
725 1953 832 2001 apud
851 1954 988 1989 Athen.
1008 1954 1091 1988 XII.
1110 1966 1146 2000 p.
1171 1953 1259 1988 525.
1278 1967 1315 1988 A.
1351 1954 1409 1988 De

119 2006 283 2055 Sophilo
304 2013 552 2055 praeceptore
570 2007 650 2043 vid.
678 2007 796 2044 illius
814 2007 918 2043 vitae
942 2006 1121 2054 Scriptor
1146 2007 1188 2042 in
1218 2008 1408 2043 Plutarchi

119 2064 161 2097 T.
181 2064 225 2098 ΙΙ.
246 2075 283 2109 p.
308 2063 397 2098 832.
411 2077 444 2098 B.
475 2063 720 2098 Philostratus
748 2062 790 2097 in
816 2062 988 2109 Antiph.
1008 2075 1045 2109 p.
1067 2063 1158 2111 498.
1179 2061 1331 2104 Σώειλος
1349 2065 1407 2099 καὶ

120 2113 177 2154 τᾶν
199 2117 260 2153 τοῦ
279 2119 425 2154 Κλεινίου
450 2114 637 2153 ἐπαίδευε-ει
668 2117 722 2153 sic
740 2117 899 2164 saepius
925 2116 972 2152 ad
996 2116 1262 2152 Artemisium
1299 2128 1408 2164 prae-

119 2170 239 2217 cipue
266 2170 470 2207 nobilitati
499 2171 610 2206 filius
639 2171 792 2207 dicitur
823 2171 1078 2207 Alcibiades:
1117 2178 1299 2207 materno
1328 2184 1409 2207 non

120 2225 256 2260 minus
270 2237 408 2273 genere
427 2225 504 2275 (de
522 2238 602 2273 quo
622 2227 776 2264 Palmer.
794 2226 874 2275 egit
890 2226 932 2260 in
954 2225 1088 2262 Exerci
1099 2232 1122 2261 t.
1141 2240 1177 2273 p.
1202 2227 1275 2261 652
1293 2253 1302 2271 7
1321 2223 1408 2274 55.)

120 2280 337 2327 superbum
355 2292 637 2327 saepenumero
657 2281 765 2316 ludit
783 2282 954 2317 Socrates
967 2307 976 2324 ,
1001 2286 1041 2316 et
1059 2280 1101 2315 in
1123 2282 1287 2317 Platonis
1306 2283 1347 2316 T.
1363 2283 1408 2317 Il.

122 2347 162 2381 p.
188 2334 276 2369 105.
300 2348 336 2369 A.
361 2333 450 2379 ἐγώ,
481 2335 558 2379 ait,
593 2333 629 2375 ἓν)
654 2339 704 2373 σοί
734 2351 770 2377 γε
801 2336 880 2382 ἐρῶ,
911 2329 936 2372 ὦ
972 2337 1047 2376 φίλε
1075 2338 1146 2371 ποεῖ
1171 2337 1317 2372 Κλεινίου
1348 2337 1406 2371 καὶ

64 2413 69 2418 -
121 2386 341 2434 Δεινομάχης.
369 2389 427 2424 De
446 2389 517 2425 hoc
536 2389 758 2426 clarissimo
785 2390 909 2426 isthac
928 2395 1052 2425 aetate
1073 2389 1217 2424 iuvene
1243 2395 1406 2425 centena

122 2442 235 2479 nobis
261 2443 422 2491 antiqui
452 2443 670 2491 Scriptores
689 2450 1022 2488 commemorant⁷
1055 2450 1093 2479 et
1110 2455 1160 2479 ne
1187 2444 1292 2479 illud
1318 2443 1411 2491 qui-
