1718 2919
195 215 294 254 AD
339 211 751 252 HERODOT.
784 213 938 254 v111.
981 214 1075 255 138.
1114 216 1204 264 139.
1302 214 1378 252 215

74 319 300 361 *rovroc'oevmoe
332 317 497 367 Pangaei
529 317 718 354 Thraciae
745 318 894 354 montis
927 317 970 353 in
1008 318 1254 366 Theophrasti
1280 317 1381 354 Hist-

80 376 209 412 Plant.
226 376 296 410 VI.
320 374 355 410 6.
400 373 487 410 Illis
508 378 643 408 autem
669 373 712 408 in
738 372 863 409 hortis
889 370 980 417 ἕλω,
1009 369 1100 423 [lin.
1122 368 1210 423 πέμ]
1235 379 1380 422 captus,

81 442 163 466 non
183 435 368 477 exceptus,
399 428 459 464 uti
486 430 596 464 Valla
610 456 618 471 ,
637 428 818 472 Silenus,
838 433 876 463 et
893 434 1051 464 coaetus
1069 428 1118 463 ad
1142 440 1185 463 ea
1210 427 1293 463 fuit
1317 439 1381 463 ex-

83 484 294 533 plicanda,
322 496 424 532 quae
444 484 663 532 Theopompi
688 482 786 528 fide,
811 483 884 519 ista
905 483 949 519 in
981 483 1143 527 fabula,
1175 482 1380 519 indicibus

82 541 264 591 Dionysio
293 539 419 575 Halie.
443 541 552 574 T.11.
584 551 624 585 p.
655 539 743 575 152.
769 544 808 574 et
843 539 991 575 Theone
1019 539 1230 587 Progymn.
1260 550 1291 573 c.
1322 550 1382 581 2.,

83 595 152 631 cui
179 607 299 630 suum
328 593 503 630 reddidit
527 595 783 631 Valckenarius
801 606 922 641 supra
945 593 1018 631 lib.
1041 595 1110 630 IV.
1138 593 1249 637 168„
1280 592 1382 629 mire

79 649 356 695 luxuriantis,
388 650 587 698 Virgilius,
618 650 785 695 Ouidius,
801 650 998 695 Aelianus,
1023 647 1138 685 nohis
1159 647 1382 695 prodidere.

79 706 139 745 W
149 707 181 742 E
191 705 215 742 S
228 705 264 742 S.

149 773 208 796 12.
239 756 334 803 ῥόδα,
361 756 394 796 ἓν
414 755 554 796 ἕκαστον
575 756 654 804 ἕχον
677 756 834 802 ἑξήκοντα
857 756 1000 807 Φύλλοι)
1029 761 1252 808 Sexagenum
1264 755 1384 804 folio-

82 828 162 851 rum
192 828 294 851 rosas
326 814 371 849 in
407 812 558 860 campis
595 812 793 851 Emathiis
826 814 933 850 nasei
973 814 1083 851 canit
1114 814 1305 850 Nicander
1338 813 1382 848 in

80 869 284 920 Georgicis
303 868 411 917 apud
427 869 565 905 Athen.
583 872 674 906 XV.
698 881 738 916 p.
759 868 851 904 685.
872 883 905 906 Β.
925 867 1019 917 (ῥόδα
1035 881 1176 907 vocans
1193 866 1235 916 οἳ)
1255 865 1383 916 κλήροι-

85 941 136 962 σιν
167 924 348 973 dverpe'oezr’
365 923 596 967 Ἠμοιθίοιο-ιν,
630 924 701 961 Astu
727 923 755 960 ἓν
781 922 939 967 ἑξήκοντα
968 924 1059 972 πέριξ
1085 924 1258 965 muciano:
1279 923 1383 964 πετή-

82 989 170 1022 λοις.
199 979 345 1016 vicinis
368 978 571 1023 abstineo,
594 979 746 1026 quibus
765 990 845 1014 non
864 991 953 1014 sum
978 978 1235 1028 corrigendis.
1270 977 1384 1014 Adde

82 1040 218 1070 notata
243 1034 287 1069 in
302 1034 404 1070 Diss.
420 1035 555 1070 Herod.
574 1035 683 1071 Clar.
699 1035 828 1070 PVess.
851 1047 888 1081 p.
907 1047 919 1069 1
932 1035 996 1070 50.
1023 1035 1081 1071 De
1094 1036 1246 1070 Sileno
1269 1035 1308 1068 in
1327 1033 1384 1069 his

82 1090 206 1126 Midae
228 1090 344 1126 hortis
372 1095 478 1137 capto
497 1088 579 1125 vid.
599 1091 726 1126 Davis.
746 1088 790 1123 in
810 1091 913 1125 Max.
935 1090 1026 1139 Tyr.
1046 1091 1112 1126 XI.
1134 1102 1166 1125 1.
1189 1095 1227 1124 et
1240 1087 1382 1135 Ampl-

83 1145 241 1181 Bouhier
260 1146 361 1181 Diss.
376 1157 438 1180 sur
455 1145 648 1181 L'Histoire
671 1145 846 1180 d’Herod.
865 1156 898 1179 c.
921 1145 978 1188 8.,
997 1143 1046 1179 de
1063 1144 1135 1179 hoc
1155 1144 1260 1180 Mida
1274 1142 1385 1178 aliis·

82 1211 164 1247 que
184 1211 300 1249 agens
325 1198 642 1248 cognominibus.
687 1198 822 1235 Hortis
842 1197 928 1234 istis
949 1198 1082 1236 Midae
1104 1211 1217 1235 mons
1246 1197 1386 1233 immi-

84 1256 226 1299 nebat,
245 1249 350 1301 οὖρος,
374 1255 507 1301 Βέρμιον
527 1251 668 1295 οὕνομα,
692 1252 820 1292 οἵβκπν
839 1252 907 1290 timi
933 1255 1161 1298 χειμῶνοςε
1190 1249 1280 1302 [lin.
1301 1249 1382 1303 1(3.]

86 1309 158 1345 ubi
187 1308 255 1347 ύπό
285 1307 432 1353 χιένος
458 1308 674 1358 legendum
706 1308 987 1356 suspicabatur
1015 1309 1179 1345 Doctiss.
1211 1310 1386 1345 Koenius.

82 1368 122 1402 V
133 1366 310 1401 ALCK.

191 1416 339 1459 CAP·
378 1415 647 1458 CXX-XIX.
679 1430 714 1454 2.
756 1416 924 1460 Ἀμύντεω
960 1421 1042 1462 παῖς
1073 1411 1108 1458 {v
1144 1414 1382 1468 Ἀλέξανδρος)

83 1476 201 1510 Recte
220 1476 407 1523 Harpocr.
421 1471 628 1519 Ἀλέξαυὸμς
646 1493 664 1500 -
682 1494 699 1500 -
725 1471 743 1510 o‘
761 1471 1016 1515 ἐπικαλούμενος
1028 1473 1189 1512 Φιλέλλην
1202 1497 1215 1517 .,
1237 1472 1304 1514 υἴδς
1323 1476 1382 1514 μὲν

81 1528 268 1572 ’Amin-ov,
290 1528 402 1576 πκτῆρ
423 1525 453 1566 δὲ
476 1525 678 1576 Περδίκκαν,
700 1526 908 1575 ἐστρατεύετο
929 1525 997 1565 ὖπδ
1022 1525 1204 1575 Μκρδονίῳ.
1244 1528 1287 1563 In
1306 1529 1384 1564 He-

82 1585 163 1622 rod.
188 1583 319 1632 ‘mcx-rip,
352 1583 458 1633 quod
489 1589 546 1619 est
574 1583 617 1618 in
648 1595 774 1631 marg.
793 1583 917 1631 Steph.
939 1595 1012 1630 pro
1040 1585 1144 1625 παῖς,
1179 1582 1266 1618 sine
1295 1583 1383 1619 ulla

80 1639 348 1676 controversia
382 1638 650 1674 reficiendum
669 1653 676 1680 ;
712 1637 887 1673 dubium
927 1637 1060 1674 forsan
1099 1648 1178 1672 esse
1212 1637 1385 1685 poterit,

81 1695 203 1732 sit-ne
226 1700 368 1730 natum
394 1705 441 1730 cx
470 1691 604 1729 errore
632 1692 795 1729 librarii
825 1692 873 1728 ad
892 1692 1026 1729 vicina
1063 1691 1309 1736 aberranti53
1331 1706 1383 1729 an

81 1760 130 1786 ex
158 1749 360 1787 erudituli
386 1755 502 1793 nota,
534 1748 608 1797 qui
639 1748 682 1783 in
711 1760 779 1784 ora
808 1747 907 1784 libri
932 1747 980 1784 ad
1009 1750 1090 1789 παῖς
1120 1747 1299 1795 posuerit
1325 1750 1384 1786 καὶ

82 1803 216 1852 ποετ-ἦρ,
237 1815 391 1840 memor
406 1804 636 1841 Alexandro
654 1803 791 1840 filium
811 1815 975 1851 quoque
994 1801 1105 1846 dari,
1122 1808 1279 1850 praeter
1298 1804 1389 1839 Per-

80 1859 233 1895 dicaam
255 1871 512 1895 successorem
529 1886 538 1903 ,
557 1861 779 1907 Amyntam
795 1885 804 1903 ‚
825 1858 898 1907 qui
921 1858 1076 1906 privata
1098 1863 1201 1894 sorte
1224 1864 1387 1894 conten-

82 1919 147 1950 tus
175 1914 313 1951 filium
352 1914 568 1962 reliquerit
595 1914 841 1950 Aridaeum:
871 1913 952 1952 vid.
986 1924 1089 1961 quae
1117 1919 1310 1961 tanquam
1339 1925 1386 1949 ex

82 1970 222 2006 Eusebia·
242 1970 393 2006 chron.
411 1969 593 2018 vulgavit
609 1972 785 2018 Scaliger.
806 1981 845 2016 p.
867 1969 929 2017 57,
949 1969 1012 2004 26.
1044 1963 1241 2017 [Cognato
1259 1968 1386 2005 codici

82 2027 173 2061 Ask.
193 2024 265 2073 qui
285 2023 396 2073 πατήρ
417 2024 481 2059 hic
500 2025 636 2069 habet,
667 2037 746 2059 noa
769 2022 996 2059 adsentitur
1020 2029 1152 2059 noster
1177 2025 1217 2060 F.
1240 2023 1282 2058 in
1303 2026 1386 2066 παῖς

84 2091 177 2115 cum
201 2079 296 2115 aliis
319 2075 609 2130 consentiens]
645 2079 718 2116 Sed
737 2079 934 2126 Amyntas
959 2077 1182 2114 Alexandri
1215 2078 1298 2114 fuit
1318 2089 1387 2114 ne-

84 2146 154 2182 pos
179 2146 225 2170 ex
255 2134 343 2171 filio
369 2134 581 2182 Philippo:
621 2134 783 2170 docente
811 2134 921 2170 Clar.
945 2134 1076 2169 VVess.
1097 2133 1144 2169 ad
1165 2134 1277 2170 Diod.
1297 2134 1381 2171 XII.

83 2201 117 2226 c.
141 2190 202 2226 5o.
223 2202 264 2226 11.
284 2204 319 2239 9.
344 2201 466 2238 quem
492 2189 729 2237 Philippum
749 2189 863 2225 velut
887 2188 1052 2224 fratrem
1071 2187 1296 2232 Perdiccae,
1324 2189 1385 2225 τοῦ

82 2242 317 2292 ’Amana-³,
348 2244 564 2293 aliquoties
591 2245 758 2296 Thuqyd.
783 2249 1070 2280 commemorat
1103 2244 1130 2280 Ι.
1158 2243 1220 2289 57.
1244 2242 1306 2292 59.
1338 2244 1385 2278 II.

84 2311 117 2336 c.
146 2300 209 2349 95.
234 2305 309 2335 etc.
332 2300 437 2336 conf.
461 2300 608 2336 Scholia
638 2311 741 2348 quae
775 2301 906 2336 Duker.
931 2298 1060 2334 edidit
1081 2309 1128 2333 ex
1152 2297 1249 2335 Cod.
1277 2297 1381 2335 Cass.

82 2367 122 2402 p.
143 2355 234 2401 637.
259 2366 441 2403 quaeque
462 2354 702 2403 praefationi
719 2354 890 2390 subiecit
904 2365 951 2389 ex
972 2353 1032 2390 ed.
1046 2354 1134 2390 Bas.
1150 2366 1187 2400 p.
1207 2353 1273 2388 161
1292 2378 1301 2396 ‚
1321 2353 1384 2398 76.

83 2411 196 2445 Unus
224 2418 358 2446 autem
388 2409 497 2446 inter
523 2416 672 2446 veteres
702 2409 932 2459 Thucydides
962 2409 1004 2443 in
1038 2408 1110 2443 hac
1136 2407 1387 2445 Macedoniae

81 2465 235 2514 Regum
260 2465 361 2502 serie
386 2466 574 2502 Herodoto
598 2464 817 2508 eonsentit3
851 2475 945 2501 nam
969 2462 1172 2500 Perdiccae
1200 2461 1288 2499 filio
1311 2463 1387 2497 232·-
