1718 2919
55 194 147 208 r*
259 200 353 239 AD
397 199 800 239 HERODOT.
838 195 1120 239 IX.25.26.
1278 199 1356 249 243

67 316 120 342 an
140 314 186 340 ex
203 303 297 341 Cod.
313 305 436 353 steph.
457 303 579 342 σεῦ-τοὶ
601 302 742 352 ἑκάτεροι
762 302 851 349 ἔχειν
870 302 910 341 ro*
929 301 1031 351 ἕτερον
1046 304 1154 352 κέρας.
1183 303 1357 352 Scripse-

65 365 149 403 rat,
173 359 338 407 opinor,
367 360 554 396 Plutarch.
572 361 614 394 T.
635 361 663 395 I.
690 372 726 406 p.
751 359 841 395 326.
861 373 899 394 A.
935 355 1112 401 Ἀθηναίοις
1136 356 1165 396 δὲ
1184 357 1355 402 Τεγεάτοῳ

71 416 141 462 περὶ
171 412 292 457 τάξεως
324 414 478 461 ἐρίσαντες
511 413 614 456 ἠξίουν
627 439 636 455 ,
671 412 775 461 ὥσπερ
811 412 862 450 αἐὶ
895 409 1157 455 Λακεδαιμονίων
1181 414 1223 450 *to*
1254 410 1354 456 δεξιὼ

24 492 28 496 -
72 467 213 513 ἐχόντων
239 469 350 516 κέρας,
375 467 469 506 αὐτοὶ
495 466 534 505 ro*
563 467 721 508 εὐώνυμον
748 465 850 513 ἔχειν.
887 469 1104 511 Sinistrum,
1122 473 1169 504 ut
1189 466 1354 515 οέριστερᾶν

67 528 107 558 et
125 521 301 563 εὔώνυμον,
321 522 377 559 sic
398 534 467 570 per
486 520 698 566 εὖφνιμισμδν
715 522 871 570 saepius
890 521 1011 558 etiam
1036 519 1138 568 ἕτερον
1156 522 1355 559 dicebant.

68 577 282 615 VALCK.
308 596 358 603 --
389 579 443 614 At
462 575 594 625 ἕτερον
611 579 705 626 κέρας
724 577 968 613 utrumlibet
988 575 1257 625 intelligitur,
1275 576 1356 613 sive

66 631 280 668 sinistrum
294 658 303 676 .
319 631 403 668 sive
423 632 623 668 dextrum.
653 632 758 669 Vide
778 632 885 668 infra
901 658 910 676 ‚
934 630 1009 667 lin.
1028 631 1075 667 33
1095 642 1174 680 seq.
1201 629 1246 669 S.

127 689 162 723 8.
191 685 232 724 τδ
251 685 464 733 παλαιδν)
494 688 649 734 Anceps
667 686 807 723 electio
831 692 899 722 est.
934 685 1116 733 Scriptor
1143 684 1184 724 τὲ
1211 683 1357 722 nolam

66 741 250 789 deposuit
269 743 338 778 IV.
361 743 447 778 180.
468 742 552 780 VH.
579 750 669 786 142.
686 743 753 778 IX.
773 742 861 788 75.;
879 739 919 779 τέ
939 738 1137 778 mamad„
1157 741 1242 777 VII.
1268 753 1356 789 ¹29·

67 795 225 834 Similis
240 795 434 831 discordia
454 798 540 832 VII.
563 806 626 842 74.
656 798 880 833 electurum
910 796 1143 831 frustratur.
1175 795 1306 833 WES
1319 795 1357 831 S.

67 870 119 877 --
149 850 225 887 Ubi
251 849 325 887 alii
343 849 491 887 codices
512 851 616 887 nude
635 850 770 893 πάλαι,
795 851 869 887 alii
888 849 930 887 ro*
950 848 1064 886 ποὲλαι
1082 849 1291 894 exhibent,
1313 854 1360 886 ut

66 907 154 943 VII.
171 913 235 951 74.
248 931 258 947 ,
278 904 336 940 ibi
354 906 595 942 Herodoteum
611 905 659 944 τὲ
679 904 793 943 πάλαι
813 904 962 942 censeri
981 903 1110 941 debet.
1152 904 1229 940 Ubi
1248 915 1360 950 vero,

70 960 131 996 uti
154 960 226 996 hoc
258 960 361 1004 loco,
394 961 528 1007 plures
556 960 597 998 ro*
622 959 840 1002 παλωιδν,
875 966 914 996 et
940 958 1014 994 alii
1043 957 1084 996 ro*
1105 957 1270 1001 πάλαι,
1297 958 1359 994 ibi

67 1014 174 1051 istud
188 1041 198 1059 ‚
220 1020 356 1062 utpote
376 1016 496 1062 paulo
517 1015 665 1060 rarius,
685 1015 880 1062 Scriptori
899 1013 1060 1052 videtur
1078 1019 1284 1061 acceptum
1304 1013 1360 1049 fe·

68 1069 254 1106 rendum.
276 1068 321 1107 S.

130 1138 166 1173 9·
197 1124 289 1161 ἐπεί
310 1139 350 1161 τε
365 1121 578 1172 Ἡρακλεῖδαι
599 1121 789 1171 ἐπειρῶντο)
818 1124 888 1162 ἐπεί
913 1138 958 1162 τε
978 1122 1139 1170 plenius
1154 1149 1164 1166 ‚
1185 1129 1224 1160 et
1241 1123 1359 1171 plane

71 1175 203 1219 ’Ῑακδν,
241 1183 334 1214 teste
359 1179 551 1215 Eustachio
580 1179 628 1214 ad
659 1181 772 1214 Hom.
801 1192 838 1226 p.
866 1180 987 1222 1158,
1007 1177 1070 1226 ὃς).
1097 1179 1278 1216 WESS.
1308 1197 1361 1205 -—-

68 1232 219 1281 Utique
238 1232 417 1268 ionicum
438 1239 476 1268 et
496 1234 733 1269 Herodoteum
755 1238 812 1268 est
830 1233 900 1270 ἐπεί
920 1248 954 1270 τε
983 1243 1054 1279 pro
1074 1231 1183 1268 nudo
1203 1234 1290 1270 ἐπείτ
1321 1238 1364 1269 at

69 1286 118 1322 de
146 1299 189 1323 ea
209 1298 300 1323 voce
324 1287 428 1334 apud
453 1287 620 1325 Eustath.
654 1289 738 1323 loco
761 1287 883 1324 citato
909 1286 1050 1336 (Iliad.
1074 1299 1112 1334 p.
1134 1288 1231 1323 1215
1246 1313 1256 1331 ‚
1273 1285 1362 1335 35.)

68 1354 148 1377 non
169 1341 325 1390 agitur,
343 1342 407 1378 sed
428 1342 476 1377 de
495 1342 626 1378 ionico
646 1340 722 1379 εἶτεν
743 1347 782 1377 et
802 1340 948 1383 ἔπειτεν,
971 1353 1043 1388 pro
1061 1341 1270 1377 communi
1289 1340 1362 1380 εἶτα

69 1396 131 1432 vel
160 1393 292 1433 ἔπειτα.
322 1394 365 1433 S.

131 1463 143 1485 1
154 1457 176 1494 4
192 1464 287 1500 seqq.
307 1449 385 1488 τότε
403 1445 443 1488 ὧν
457 1448 691 1494 λόγοςὝλλον
704 1448 944 1499 οἷγορεύσασθοιι
960 1447 1044 1497 etc.)
1058 1451 1169 1497 Quae
1183 1449 1231 1486 de
1245 1452 1363 1502 Hyllo

68 1512 292 1541 narrantur
308 1507 524 1549 Heraclida,
543 1505 659 1541 certis
678 1508 752 1541 sub
772 1505 1072 1542 conditionibus
1089 1504 1136 1540 ad
1159 1504 1364 1554 singulare

66 1566 266 1596 certamen
279 1560 653 1608 Peloponnesiorum
668 1559 1100 1607 praestantissimorum
1116 1566 1364 1607 provocante,

66 1614 289 1661 comparari
317 1621 505 1662 poterunt
525 1627 616 1651 cum
636 1617 745 1651 Diod.
764 1617 834 1651 Sic.
860 1616 928 1650 IV.
948 1627 1032 1662 cap.
1051 1614 1114 1650 58.
1154 1615 1225 1651 Sed
1248 1615 1363 1652 iuxta

67 1669 287 1714 Diodorum,
316 1670 434 1717 Hyllo
459 1670 643 1714 cadente,
672 1670 778 1706 intra
805 1681 929 1706 annos
956 1668 1255 1718 quinquaginta
1279 1682 1362 1706 non

67 1729 364 1760 reverterentur
393 1724 436 1759 in
471 1725 783 1772 Peloponnesum
820 1723 1074 1760 Heraclidae:
1117 1724 1255 1761 verius
1288 1724 1364 1761 ille

66 1777 283 1826 scripsisset
314 1791 406 1814 cum
443 1781 649 1823 Herodoto,
687 1778 773 1822 ἔνι-ἂς
809 1779 886 1816 ἐτῶν
922 1776 1064 1822 ἔκαε-δν,
1105 1778 1240 1815 iudice
1271 1779 1361 1816 viro

68 1845 226 1869 summo
239 1833 287 1869 ad
301 1835 455 1870 Diodor.
494 1835 608 1871 Conf.
630 1834 684 1870 Io.
702 1837 835 1870 Meurs.
851 1834 898 1869 de
918 1833 1051 1881 Regno
1070 1833 1204 1870 Laced.
1222 1847 1306 1882 cap.
1322 1847 1360 1880 7.

68 1887 223 1938 Hyllum
240 1888 423 1924 occidisse
442 1888 597 1925 dicitur
617 1888 723 1936 apud
753 1889 974 1924 Herodotum
992 1884 1082 1937 [lin.
1107 1885 1198 1938 26.]
1223 1890 1362 1938 Tegea-

70 1947 203 1978 tarum
221 1944 302 1978 Rex
315 1943 463 1988 ’Ἔχεμος
481 1943 498 1980 0‘
519 1943 680 1990 Ἠερόπου
697 1943 759 1979 roi?
772 1945 912 1985 Φηγέος
942 1942 1089 1978 ultimo
1108 1943 1266 1979 nomini
1290 1949 1361 1983 Κη-

67 1997 141 2039 Φέος
161 1997 489 2034 substituendum
510 2009 556 2033 ex
573 1999 758 2034 Pausania
775 1997 950 2045 aliisque
969 1997 1130 2034 monuit
1148 1999 1360 2035 Palmerius.

66 2052 280 2089 VALCK.

127 2105 188 2142 23.
217 2105 371 2144 ἑκατόν
399 2122 432 2144 τε
456 2102 578 2155 ἐτέων)
606 2108 724 2143 Errat
750 2111 821 2142 aut
850 2111 1063 2154 corruptus
1095 2112 1151 2142 est
1177 2108 1363 2144 Diodorus

67 2161 138 2196 IV.
165 2161 249 2205 58.,
278 2161 502 2197 convenisse
527 2162 763 2203 adfirmans,
788 2159 838 2201 μῆ
859 2162 1006 2198 κατιέναι
1036 2160 1110 2203 τούς
1139 2159 1356 2208 Ἡρακλείδας

70 2215 112 2257 εἷς
134 2214 376 2255 Πελοπόννησον
397 2214 482 2257 ἔντδς
501 2217 578 2253 ε’τῶν
597 2215 809 2255 muz-imvm.
843 2218 886 2252 In
908 2222 1048 2252 centum
1065 2218 1193 2260 annis,
1214 2216 1274 2252 uti
1296 2213 1360 2252 ibi

68 2269 184 2305 docui
201 2296 211 2313 ,
239 2270 415 2305 aliorum
434 2270 620 2319 congruit
636 2271 860 2314 consensio,
891 2270 1055 2318 ipseque
1071 2277 1248 2307 eventus.
1287 2271 1358 2307 Ce-

69 2329 199 2360 terum
223 2324 391 2361 Echemus
403 2351 413 2368 ,
435 2324 506 2372 qui
527 2327 675 2375 Hyllum
688 2336 733 2361 ex
749 2325 1026 2372 provocatione
1042 2324 1206 2369 deiecit,
1222 2325 1360 2372 Aeropi

52 2379 178 2425 filius,
208 2390 411 2427 perperam
440 2380 594 2422 Φηγέος
624 2380 797 2428 Phegei
826 2392 932 2427 nepos
958 2379 1204 2426 perhibetur.
1244 2380 1357 2414 Avus

64 2438 148 2469 erat
166 2440 285 2477 Κηφε
299 2432 316 2470 23
331 2450 366 2476 ς,
391 2434 619 2481 Cepheus,
634 2436 741 2481 apud
760 2435 920 2470 Pausan.
942 2435 1044 2470 VIII.
1064 2445 1102 2478 4.
1132 2432 1246 2482 Quod
1268 2432 1359 2480 qui-

955 2488 1031 2536 Q2
