1718 2919
167 221 264 260 AD
306 218 712 259 HERODOT.
766 218 1038 267 V111.·124.
1071 222 1161 260 125.
1274 231 1346 268 197

63 323 157 360 adeo
186 321 499 365 contemtibiles,
530 327 576 356 nt
604 323 789 363 Βελβινίτης
815 323 1052 357 Graecorum
1080 320 1269 357 conviciis
1288 331 1349 356 ce-

62 379 300 414 lebraretur.
327 376 449 412 Testis
471 382 527 411 est
549 378 649 411 Teles
681 375 938 423 philosophus
968 375 1074 423 apud
1102 376 1200 411 δὲοὶ).
1221 376 1349 412 Serm.

63 433 279 470 XXXVIII.
318 444 355 478 p.
389 431 500 474 253„
536 430 605 464 ubi
645 441 754 464 nunc
777 432 1013 473 Βελβινθείτκς,
1043 430 1106 465 sed
1137 430 1183 465 ad
1211 429 1348 467 Nostri

64 486 353 535 praescriptum
383 485 430 520 (le
459 485 549 522 Abr.
586 485 714 520 Ortelii
746 484 938 519 sententia
968 483 1257 521 reformandus.
1305 484 1347 521 Si

62 541 159 577 boni
198 546 328 576 tamen
363 538 567 575 commatis
588 536 857 581 Ἀφιδναῖος,
901 539 1006 586 quod
1043 539 1157 576 valde
1189 545 1347 584 metuo,

62 595 214 644 quippe
232 594 336 630 dicto
351 593 634 630 Themistocleo
661 605 798 629 nervos
827 592 1027 637 incidens,
1053 593 1183 629 solum
1211 606 1348 641 super-

61 655 140 694 est,
162 648 468 685 utTimodemus
483 674 492 691 ‚
511 648 627 683 ‹lomo
649 647 847 684 Belbin-ita
862 674 872 692 ‚
901 648 964 684 ius
984 648 1156 684 civitatis
1175 648 1347 685 Athenis

63 705 113 740 ob
134 704 262 739 nescio
283 715 384 752 quae
403 702 543 738 merita
558 728 567 746 9
593 702 725 749 qualis
745 703 806 739 Cl.
827 704 869 738 de
888 703 999 739 Pauw
1016 702 1234 748 divinatio,
1254 716 1347 739 con-

60 764 216 794 secutus
249 757 373 794 fuerit
398 763 436 793 et
467 758 689 806 Aphidnaeis
720 756 890 793 additus.
920 758 1094 796 WESS.
1135 778 1185 785 ·———
1228 757 1346 795 Nihil

61 813 235 861 profecto
255 812 401 848 rationi
422 812 544 861 magis
562 818 867 848 consentaneum
888 812 1049 849 videtur
1064 839 1074 858 ,
1104 825 1225 861 quam
1245 814 1348 850 Ρανὶὶ

58 867 154 903 haec
185 866 474 914 interpretatio.
503 865 548 904 S.

116 921 208 958 Ibid.
249 919 441 963 Τιμόδημος
467 917 736 968 Ἀφιδναΐος)
773 921 1058 957 Adversarinm
1091 921 1135 957 in
1172 921 1348 957 admini-

62 975 221 1012 stranda
249 975 454 1023 republica
483 975 638 1022 saepius
664 982 849 1022 expertus
879 976 1108 1021 Aristiden,
1141 976 1284 1012 habuit
1308 972 1353 1012 et'

13 1058 17 1061 ⁴
61 1031 343 1067 Alcmaeonem
366 1029 661 1074 Themistocles,
681 1035 774 1066 teste
791 1031 987 1067 Plutarcho
1005 1033 1113 1067 Tom.
1131 1033 1176 1067 ΙΙ.
1197 1044 1234 1078 p.
1254 1031 1346 1067 805.

60 1086 134 1120 Hic
162 1090 402 1121 memoratus
419 1084 582 1120 virtutis
598 1085 871 1120 Themistoclis
897 1085 1087 1134 ignobilis
1109 1087 1348 1135 obtrectator

63 1140 284 1175 Timodemus
313 1139 427 1174 demo
453 1139 686 1174 censebatur
710 1140 964 1187 Aphidnaeus,
998 1146 1043 1176 ut
1071 1152 1190 1186 supra
1222 1140 1348 1176 Calli-

55 1194 224 1229 machus
241 1192 807 1229 fuissediciturl'olemarchus
829 1195 981 1231 lib.VI.
1003 1206 1034 1230 c.
1056 1207 1142 1243 ¹09·
1159 1196 1209 1230 H.
1222 1196 1347 1243 steph.

57 1248 108 1283 ad
133 1248 171 1283 h.
190 1248 219 1283 l.
243 1250 375 1292 Valla,
395 1247 553 1295 inquit,
576 1245 758 1289 Ἀῶιδναῖῡς
779 1251 917 1293 omisit,
938 1255 1001 1284 aut
1012 1250 1132 1297 potius
1154 1263 1226 1284 non
1246 1252 1346 1298 legit,

59 1303 153 1351 quod
182 1308 276 1338 certe
300 1308 496 1351 suspectum
525 1303 631 1337 etiam
662 1303 814 1338 reddunt
848 1317 936 1352 quae
961 1310 1165 1352 sequuntur.
1218 1305 1347 1340 Vallae

59 1356 194 1404 potius
217 1363 435 1404 suspectam
456 1356 575 1392 fuisse
598 1362 695 1403 puto
716 1357 870 1392 Codicis
891 1357 1148 1404 scriptionem
1168 1356 1344 1400 Ἀθηναῖος,

54 1411 103 1446 in
122 1412 238 1447 Arch.
262 1411 383 1447 etiam
415 1411 617 1447 inventam
636 1437 644 1454 ‚
675 1417 795 1458 atque
826 1412 947 1447 illum
969 1411 1237 1447 omittendum
1257 1424 1346 1447 cen-

58 1465 180 1501 suisse
198 1465 304 1513 quod
329 1465 538 1501 emendare
562 1477 640 1500 non
671 1471 834 1511 poterat.
876 1467 1048 1502 Killanius
1075 1466 1118 1501 in
1140 1468 1346 1512 Pausania,

59 1525 99 1555 et
117 1519 180 1569 vir
198 1519 361 1556 Doctiss.
379 1523 478 1568 Aug.
503 1533 576 1554 van
597 1522 766 1555 staveren
793 1520 836 1555 in
863 1522 1108 1569 Apollodoro,
1139 1520 1347 1569 corrigunt

59 1571 214 1616 Ἀφίδνας
235 1587 305 1622 pro
317 1572 470 1616 'Abrlvocgz
492 1573 571 1609 vid.
589 1573 755 1610 Miscell.
776 1575 869 1611 Obs.
884 1578 934 1612 X.
955 1588 992 1622 p.
1011 1576 1099 1611 382.
1124 1579 1275 1612 Vereor
1295 1587 1346 1611 ne

60 1628 320 1664 correctiones
344 1628 435 1663 istas
462 1628 672 1664 labefactet
695 1628 939 1677 epigramma
963 1629 1267 1677 Cypselidarum
1295 1630 1344 1666 ad

60 1682 237 1718 eamdem
264 1682 464 1731 pertinens
489 1684 696 1718 Castorum
732 1683 938 1720 historiam
967 1683 1073 1731 apud
1103 1685 1262 1721 Pausan.
1292 1688 1344 1722 V.

62 1749 106 1783 p.
119 1737 212 1779 425.
232 1734 412 1784 Τυνδαρίδος
431 1736 562 1773 ‘Em‘vxv
582 1738 723 1783 φέρετῡν,
747 1737 861 1785 Αἴθραν
885 1736 912 1775 δ’
933 1736 1285 1776 ἈθέναθενθΕλκετ-οντ
1304 1744 1344 1779 et

59 1790 205 1838 quidni
241 1803 380 1826 canere
414 1790 546 1838 potuit
580 1790 628 1825 de
654 1791 918 1839 Therapnaeis
946 1792 1138 1829 fratribus
1165 1796 1344 1839 Alcman,

60 1845 100 1886 ὥς
126 1844 258 1888 Ἀθήνας
283 1844 393 1883 ἕλοιεν.
432 1845 631 1881 Eximiam
657 1858 748 1881 mox
770 1847 980 1883 lectionem
998 1874 1006 1890 ‚
1035 1844 1124 1896 [lin.
1143 1844 1207 1897 4.]
1236 1847 1342 1896 Φθόνῳ

59 1900 391 1946 καταμαργέων,
422 1901 609 1935 Herodoto
636 1899 857 1938 vindicavit
887 1902 993 1939 Clar.
1019 1904 1148 1939 Wess.
1174 1902 1218 1937 in
1238 1902 1342 1939 Diss-

57 1954 194 1990 Herod.
216 1966 253 2001 p.
273 1954 361 1990 203.
392 1956 606 1990 VALCK.

116 2007 151 2043 3.
176 2007 353 2045 ἐπιφανέων
373 2005 559 2056 ἀνδρῶν)
583 2007 788 2044 Adiuncto
805 2021 852 2045 ex
873 2010 1021 2046 schedis
1040 2009 1147 2046 nihil
1169 2010 1216 2047 ad
1242 2010 1344 2048 hane

57 2071 141 2096 rem
161 2061 317 2098 utilius.
347 2061 688 2098 Retinendum-ne
701 2075 790 2100 vero
806 2066 1087 2112 καταμαρπτέων,
1109 2078 1158 2101 an
1176 2067 1345 2112 Codicum

56 2116 370 2163 καταμαργέων
389 2117 676 2162 revocandum,
694 2118 897 2154 haesitavi.
932 2119 1078 2157 Visum
1095 2120 1188 2163 hoc,
1206 2133 1228 2156 a
1254 2122 1344 2157 Vaz-

57 2172 114 2213 la,
136 2170 240 2217 quod
264 2171 394 2207 Portus
421 2171 668 2206 conficiendo
695 2173 845 2216 tenuit,
880 2174 1027 2209 lectum
1043 2200 1053 2217 ,
1071 2174 1238 2223 aequius
1262 2186 1342 2221 mer

47 2223 153 2259 -lius.
197 2226 298 2261 Nam
326 2224 602 2273 καταμάρπτειν,
629 2225 672 2260 in
700 2228 952 2275 prehendendo
974 2228 1117 2264 tritum
1134 2254 1144 2273 ,
1164 2228 1343 2265 solitarie

55 2277 225 2325 deponi,
244 2278 311 2314 vix
331 2279 551 2316 tolerabile.
585 2282 732 2317 Contra
753 2283 982 2330 καταμαργᾷἴν
995 2308 1005 2324 ,
1023 2288 1061 2319 et
1084 2294 1192 2318 more
1212 2283 1342 2318 lonico

56 2334 320 2379 κοιταμκργέειν,
352 2334 525 2380 protervi
554 2335 729 2370 hominis
749 2341 788 2371 et
816 2335 969 2372 invidia
994 2336 1218 2384 rumpentis
1244 2340 1342 2373 insa-

57 2388 154 2422 niam
176 2387 327 2435 egregie
344 2387 530 2425 declarat.
569 2390 657 2436 Quo
688 2389 760 2438 qui
789 2389 950 2439 ingenio
977 2391 1228 2438 μεμαργωμένοι
1252 2406 1343 2427 uovo-

52 2439 187 2488 θρασεῖς
213 2441 396 2492 Aeschylo
422 2443 566 2492 Suppl.
604 2443 694 2490 766.
740 2445 786 2480 In
810 2444 956 2481 vicinis
974 2445 1059 2491 [lin.
1081 2441 1136 2495 7.]
1162 2443 1340 2491 scholion
