1718 2919
256 284 352 322 AD
395 281 810 321 HERODOT.·
837 281 923 323 VI.
959 283 1047 321 128.
1083 293 1176 332 129.
1289 292 1365 332 249

80 392 196 429 neret3
228 393 388 435 perapte
410 387 457 423 ad
479 392 712 422 consuetum
739 386 851 422 verbi
873 398 989 421 usum
1004 411 1014 429 7
1041 384 1105 420 scd
1125 396 1241 420 sensu
1262 383 1368 419 haud

81 441 173 478 satis
193 441 412 489 perSpicuo.
440 442 643 478 Lan-herus
670 441 712 476 in
735 442 837 476 hanc
860 446 1011 488 partem
1032 439 1201 486 accepit.
1231 440 1370 475 animos

79 498 231 532 omnium
257 498 444 533 advertens
458 525 468 541 ‚
496 498 733 532 attentionem
758 498 913 532 omnium
931 498 970 530 in
988 509 1023 530 se
1036 508 1127 542 prae
1143 496 1268 530 ceteris
1285 507 1371 529 con-

78 558 231 588 vertens.
260 552 454 598 Equidem
467 577 477 595 7
494 563 623 599 quum
642 551 870 591 continendi,
888 550 1073 585 cohibendi
1097 549 1259 584 notione
1287 561 1373 596 pas-

80 605 156 641 sim
187 608 391 642 Herodotus
423 607 591 642 verbum
624 606 776 650 κατέχειν
811 605 1055 652 frequentet,
1091 603 1135 638 in
1171 615 1256 638 earn
1291 603 1372 638 fere

81 661 317 697 sententiam
339 660 444 696 illud
465 660 505 696 h.
528 661 556 696 l.
582 660 868 707 interpretatus
891 672 1002 702 sum,
1027 670 1149 706 quam
1172 660 1225 695 H.
1248 658 1372 706 Steph-

80 714 124 750 in
145 715 254 752 Thes.
284 719 351 753 Gr.
379 715 490 764 Ling.
512 717 553 751 T.
584 717 612 751 Ι.
638 715 712 752 col.
743 715 858 758 1545.
880 725 925 749 ex
954 715 1115 749 Isocrate
1140 712 1374 756 adnotavit,

84 769 236 806 dicens:
266 770 462 814 „Invenio
482 775 615 805 autem
637 770 788 814 κατέχειν
816 774 854 805 et
878 781 950 816 pro
977 768 1130 805 cohibeo
1150 768 1212 803 vel
1240 766 1374 815 potius

83 826 285 873 „Reprimo
311 825 562 872 loquentem,
590 830 628 859 et
651 823 765 871 quasi
785 826 968 860 Silentium
993 823 1028 858 ei
1050 823 1236 871 impono.“
1274 818 1348 872 S.]

134 875 196 929 [9.
219 878 366 918 αὐλῖσαι
387 877 633 926 ἐμμέλειαν)
644 879 829 927 Tragicus
840 877 1012 914 saltandi
1028 877 1276 926 canendique
1289 889 1371 912 mo-

80 933 190 974 (1115νὶ
210 932 395 975 Ἐμμέλεια
411 934 652 981 plerumque
670 933 919 982 intelligitur
932 959 941 977 ,
959 933 1226 980 honestusque
1245 943 1375 967 cense-

84 989 216 1024 batur.
246 988 349 1025 Vide
359 989 495 1025 Athen.
507 990 536 1024 Ι.
549 1001 585 1035 p.
605 1001 666 1024 21.
679 1000 711 1023 e.
725 990 832 1025 XIV.
848 989 939 1024 651.
955 994 1035 1023 c.et
1047 988 1208 1037 Hesych.
1223 988 1294 1022 hac
1310 999 1377 1022 vo-

82 1054 137 1078 ce.
166 1042 326 1080 Monuit
342 1054 433 1079 vero
453 1043 558 1078 idem
574 1044 777 1094 Hesychius
792 1070 801 1087 ‚
820 1043 954 1078 eodem
969 1042 1133 1078 nomine
1149 1044 1198 1078 ab
1211 1042 1376 1092 Aeschy-

85 1100 120 1134 lo
150 1097 364 1145 satyricum
386 1097 506 1134 etiam
531 1098 693 1133 modum
715 1097 924 1147 indigitari
941 1124 950 1141 ,
979 1098 1052 1145 qui
1074 1097 1173 1133 alias
1201 1099 1373 1133 sicinnis:

85 1158 205 1200 atque
219 1163 261 1187 ea
278 1152 441 1188 notione
459 1153 590 1188 forsan
611 1153 771 1194 ἐμμέλεια
789 1153 827 1188 11.
850 1153 876 1188 l.
899 1152 1023 1188 fuerit
1041 1151 1285 1199 accipienda.
1313 1147 1376 1200 8.]

145 1219 202 1243 11.
230 1205 423 1254 ὑπόπτευε)
449 1207 512 1243 Sic
534 1207 664 1248 Mssti3
685 1206 799 1242 aliud
822 1207 929 1243 nihil
953 1213 1167 1243 mutantes.
1188 1208 1249 1243 Cl.
1274 1208 1378 1244 Reis-

83 1262 129 1296 lcii
143 1261 369 1298 coniectura
390 1261 584 1307 οέπέπτψ-ε,
614 1262 823 1310 ᾱεεριιεόαε,
844 1263 1011 1310 speciem
1034 1262 1228 1309 praefert,
1255 1260 1377 1298 sicuti

86 1321 126 1352 et
144 1314 380 1359 α’πεσιῶπησε,
408 1329 487 1364 qua
510 1330 590 1352 non
616 1318 789 1354 auferor.
830 1316 1017 1355 Ὕπόπτενε
1042 1317 1282 1361 Clisthenes,
1302 1316 1379 1352 sal-

85 1369 228 1406 tatorio
256 1370 331 1406 illo
354 1370 614 1419 Hippoclidae
641 1373 735 1408 orbe
763 1372 867 1416 viso7
892 1372 939 1407 de
964 1384 1079 1419 proco
1105 1374 1303 1420 suspicatus
1331 1374 1379 1407 le-

83 1427 228 1461 vissima
242 1428 396 1474 quaevis.
426 1428 550 1463 Potest
566 1426 723 1475 alioqui
746 1425 937 1464 ὑποπτεύειν
950 1453 959 1470 ,
983 1429 1075 1463 limis
1097 1432 1134 1462 et
1147 1429 1252 1463 iratis
1268 1428 1381 1462 oculis

83 1481 288 1529 adspexisse
315 1481 584 1525 Clisthenem,
613 1488 660 1518 ut
691 1481 908 1524 ὑποβλέπειν,
943 1479 1080 1522 ἑπιὲεῖν,
1112 1481 1304 1523 innuere;
1332 1481 1381 1516 de

87 1547 166 1583 qua
191 1534 277 1570 eius
309 1536 495 1571 vocabuli
522 1536 611 1571 dote
639 1535 796 1572 erudite
825 1536 888 1572 Cl.
916 1538 1058 1572 Ernesti
1086 1536 1133 1571 ad
1167 1536 1382 1574 Callimachi

85 1592 232 1637 Hymn.
251 1590 339 1626 Del.
358 1603 412 1626 vs.
434 1591 496 1626 62.
526 1591 672 1638 Scripsi
696 1596 924 1638 postpauca
948 1588 1036 1640 [tin.
1063 1604 1074 1625 1
1089 1588 1146 1639 2.]
1179 1590 1382 1628 ἐκέλευσέ

89 1645 126 1682 οἶ
149 1646 198 1681 ob
221 1644 393 1680 Codices.
410 1646 588 1682 VVESS.
611 1666 660 1672 —-—
692 1645 796 1682 Vide
819 1647 907 1680 Var.
925 1648 1026 1682 Lect.
1063 1644 1109 1683 S·

149 1707 208 1743 14.
239 1698 419 1737 Λακωνικοὶ
448 1697 717 1747 σχημάτια)
747 1702 790 1736 In
819 1702 934 1736 Arch-
953 1702 1076 1749 glossa
1103 1700 1229 1744 adest,
1257 1713 1278 1736 a
1306 1701 1384 1736 Ga-

89 1755 142 1789 leo
162 1752 427 1790 dissimulata.
465 1753 646 1799 Σχήματα
671 1754 751 1790 sive
773 1753 954 1799 σχημάτια
988 1755 1226 1791 saltantium
1250 1756 1385 1791 lucem

87 1808 293 1856 accipiunt
311 1820 359 1844 ex
389 1809 524 1858 magni
553 1809 900 1845 Animadversoris
929 1809 1002 1846 lib.
1019 1812 1127 1847 XIV.
1150 1811 1185 1846 6.
1206 1809 1249 1845 in
1269 1810 1387 1846 Athe-

92 1877 228 1899 naeum.
253 1859 437 1913 [casaub.
459 1863 506 1899 ad
536 1865 673 1901 Athen.
695 1866 802 1901 XIV.
831 1877 867 1911 p.
892 1865 984 1900 628.
1004 1865 1042 1901 d.
1066 1866 1181 1902 Conf.
1198 1865 1385 1901 eumdem

93 1919 231 1955 Athen-
248 1920 276 1954 I·
300 1931 318 1952 2
332 1931 363 1954 1-
383 1915 444 1970 c.]
461 1920 563 1962 Iam,
584 1918 640 1957 ‘triv
660 1918 811 1961 κεφαλην
833 1919 950 1966 ἐρείσας
969 1921 1020 1957 ἐπὶ
1045 1919 1102 1960 την
1125 1918 1310 1968 τροέπεξαν,
1330 1919 1387 1956 sic

90 1973 265 2010 Zenobius
285 1974 399 2009 Cent.
415 1976 466 2011 V.
488 1974 552 2009 31.
569 1974 798 2022 eloquitur,
815 1974 866 2010 ἐπὶ
881 1971 960 2021 κροὲς
979 1973 1206 2018 κυβιστήσεις,
1233 1987 1313 2010 non
1333 1976 1386 2012 ἐπὶ

91 2028 206 2075 κρέας,
232 2028 337 2077 quod
360 2029 529 2065 Schottus
554 2028 735 2077 vulgavit
761 2034 800 2064 et
823 2029 928 2063 male
955 2029 1099 2074 vertit,
1123 2029 1166 2064 in
1188 2029 1388 2065 adnotatis

94 2081 258 2129 insuper
280 2083 521 2132 delinquens
550 2083 670 2120 varic.
702 2083 831 2122 VVES
846 2083 881 2120 S.

153 2137 212 2172 16.
240 2141 323 2174 τοῖσι
354 2140 483 2175 σκέλεσι
516 2133 851 2187 ἐχειρονόμησε)
881 2137 1032 2186 Attigit
1064 2137 1138 2175 ista
1167 2138 1323 2187 saepius
1350 2143 1390 2176 et

93 2202 186 2226 cum
211 2191 415 2228 similibus
434 2193 682 2239 comparavit
702 2193 870 2229 Eustath.
890 2192 932 2227 in
957 2195 1068 2229 Hom.
1085 2192 1148 2231 Ἰλ.
1171 2193 1205 2231 α’.
1228 2208 1265 2241 p.
1292 2207 1363 2231 120
1378 2221 1388 2239 ‚

101 2254 163 2289 44.
184 2245 295 2293 all-p.
318 2249 439 2291 1460,
467 2261 529 2283 21.
562 2247 635 2283 Od.
653 2246 689 2284 ε’.
720 2260 757 2295 p.
781 2261 879 2297 219,
907 2261 964 2284 10.
995 2244 1065 2297 [p.
1092 2250 1179 2299 159.
1206 2249 1319 2293 1554.
1352 2255 1390 2286 et

101 2301 217 2336 1531.
243 2301 302 2338 ed.
323 2299 460 2352 Rom.]
492 2303 640 2338 Contra
667 2301 707 2340 τὲ
729 2305 941 2349 χειρονομεῖν,
963 2305 1195 2351 geniculati,
1221 2307 1295 2346 ταῖς
1315 2320 1390 2353 χερ-

96 2357 144 2392 σὶν
171 2352 335 2401 ἐρχεῒσθαι
353 2356 457 2393 dixit
477 2359 707 2405 Antiphanes
733 2357 839 2405 apud
861 2356 998 2393 Athen.
1024 2360 1094 2394 IV.
1114 2372 1198 2408 pag.
1230 2359 1315 2403 154.
1336 2373 1391 2403 Β.,

96 2409 168 2457 qui
188 2410 302 2446 nobis
321 2413 385 2447 XI.
408 2425 445 2459 p.
467 2420 488 2456 4
505 2414 558 2447 a.
572 2427 605 2448 E.
627 2423 673 2448 ex
689 2410 944 2448 Andromeda
962 2413 1148 2460 Sophoclis
1169 2415 1277 2449 hunc
1299 2413 1392 2449 uni-

95 2476 187 2499 cum
207 2465 375 2502 servavit
390 2467 612 2503 senarium:
629 2466 800 2504 ’Ἰπποισιν
824 2465 845 2507 ἢ
864 2464 1031 2505 κύμβαισι
1058 2471 1241 2511 ναυστολεῖς
1260 2466 1388 2513 χθόνα;

95 2518 384 2565 interpretatur
413 2523 580 2559 Eustath.
611 2520 756 2564 ἱππότης
778 2519 885 2567 ἥκεις,
907 2518 927 2561 ἢ
954 2518 1008 2559 Bm*
1028 2525 1169 2565 πλοίου,
1204 2536 1243 2571 p.
1270 2524 1390 2568 1281,
