1718 2919
256 270 350 310 AD
391 266 770 308 HERODOT.
797 265 881 306 VI.
914 277 1004 305 121.
1042 275 1131 306 122.
1283 277 1360 316 241

73 378 260 425 indeptus
282 380 359 420 est,
389 372 554 417 νενικηκώς
575 374 691 422 ἵππῳ,
723 378 768 408 ut
791 371 940 409 scholia
966 373 1114 409 habent
1133 373 1182 409 ad
1209 372 1364 412 Comici

75 434 182 473 Nub.
202 444 255 468 vs.
278 432 368 474 284.
402 431 456 466 Ιο.
478 431 654 465 Meursius
680 428 832 464 oblitus
859 440 1022 468 eorum,
1052 439 1155 477 quae
1181 428 1226 463 in
1248 430 1367 465 Hero-

76 490 161 526 doto
177 515 187 532 ‚
214 485 479 534 inprudenter
496 496 543 519 ex
564 482 707 520 Critici
733 482 972 530 Olympiade
999 496 1074 519 mv.
1101 483 1193 519 fecit
1211 482 1366 531 τετάρτην

79 545 138 580 καὶ
162 538 423 582 {egestanae-viv,
452 539 533 574 sive
554 551 705 582 Ἀκμὴ,
737 537 784 572 de
810 537 1003 573 Archont.
1022 537 1095 573 lib.
1121 539 1168 574 ΙΙ.
1197 547 1232 582 4.
1273 539 1369 575 Pisi-

79 596 194 633 strati
220 595 329 631 enim
349 595 545 629 bonorum
567 598 690 629 sector
713 591 838 628 vitam
869 599 948 628 tam
977 593 1092 640 longe
1113 593 1217 628 haud
1236 600 1370 630 exten-

80 651 154 688 dit.
182 651 240 687 De
259 650 466 697 Phaenippo
489 649 691 696 Galliaeque
713 654 820 696 gente
844 648 961 695 plura
983 648 1180 684 Palmerius
1202 650 1371 686 Exercit-

82 720 122 755 p.
144 706 234 751 754.
259 711 298 740 et
317 705 480 740 Perizon.
504 703 550 738 ad
571 706 667 739 Var-
696 704 843 738 Aeliani
860 704 968 738 XIV.
995 703 1054 738 16.
1075 703 1256 739 WESS.

136 761 228 797 Ibid.
258 760 413 796 Καλλίεω
432 756 461 794 δὲ
485 756 602 794 τούτου
631 756 720 801 ἄξιον
742 758 925 802 πολλαχοῦ
946 755 1049 807 etc.)
1074 759 1146 793 Hic
1174 769 1266 793 sane
1296 758 1373 794 mi-

82 826 153 852 ror
179 813 334 851 Codicis
358 814 508 850 Medicei
534 812 775 854 bonitatem,
803 811 846 846 in
868 824 949 859 quo
969 812 1076 846 nihil
1097 812 1242 848 horum
1265 825 1374 861 repe-

82 869 160 907 riri
176 868 329 905 vscribit
368 869 526 904 Gronov.
580 866 692 915 Quod
726 865 814 902 viro
849 866 1092 911 clarissimo,
1131 866 1237 903 idem
1269 868 1373 905 mihi

83 936 246 972 quoque
269 935 408 959 verum
439 921 618 966 videtur,
645 932 909 969 quaecunque
932 922 1194 958 continentur
1217 923 1289 959 hoc
1313 936 1375 959 ca-

83 980 168 1027 pite
188 979 232 1014 in
256 977 413 1013 laudem
441 977 615 1021 Calliae⁷
635 977 684 1011 ab
705 975 786 1011 alia
813 977 933 1013 fuisse
955 989 1077 1012 manu
1104 977 1276 1023 adiecta,
1306 978 1374 1014 ho-

83 1033 210 1070 minis
233 1034 333 1069 forte
354 1044 433 1068 non
451 1032 565 1080 longe
586 1031 816 1067 recentioris
830 1031 872 1066 in
893 1032 1062 1081 gratiam
1077 1032 1231 1069 Calliae
1241 1033 1376 1069 cuius-

84 1089 178 1125 dam
196 1089 258 1125 vel
277 1086 512 1134 Hipponici:
535 1092 655 1134 atque
671 1086 775 1121 idem
800 1087 962 1122 sensisse
984 1087 1176 1123 videntur
1190 1088 1377 1136 antiqua-

85 1143 162 1188 rii,
185 1142 256 1191 qui
281 1141 326 1177 in
347 1141 559 1178 Codicibus
583 1141 655 1176 ista
675 1152 859 1177 censuere
883 1141 1258 1189 praetermittenda:
1289 1143 1376 1190 sed,

85 1198 118 1235 si
138 1198 199 1234 vel
221 1197 264 1232 in
283 1196 471 1232 omnibus
495 1197 741 1244 legerentur,
772 1196 1044 1233 nihilominus
1070 1197 1234 1246 indigna
1267 1210 1378 1245 pror-

85 1265 151 1289 sus
173 1251 246 1287 illa
267 1251 488 1287 iudicarem
516 1252 716 1287 Herodoto.
744 1251 901 1298 Quibus
928 1251 1001 1288 illa
1035 1252 1161 1287 modis
1182 1253 1279 1288 lecta
1299 1253 1378 1289 sibi

85 1307 304 1345 Plutarchus
328 1306 558 1355 excepisset,
587 1305 699 1352 turpi
724 1306 957 1343 adulatione
981 1307 1023 1342 in
1047 1307 1206 1343 laudem
1229 1307 1379 1344 ditissi-

86 1374 176 1399 mae
197 1361 377 1398 familiae
397 1361 629 1408 composita!
661 1357 744 1410 [At
771 1361 864 1398 satis
893 1357 1088 1399 invidiose
1114 1364 1291 1399 Nostrum
1318 1363 1381 1399 in-

88 1416 240 1454 cusavit
259 1417 496 1460 Plutarchus,
517 1417 655 1453 Calliae
671 1416 806 1452 laudes
827 1429 906 1453 non
927 1417 1002 1452 nisi
1028 1420 1065 1453 in
1082 1420 1275 1466 Hipponici
1293 1430 1382 1466 gra-

89 1475 179 1509 tiam
199 1472 249 1508 ab
270 1471 345 1506 illo
368 1470 462 1506 huic
487 1471 710 1506 narrationi
740 1472 859 1507 fuisse
879 1469 1083 1521 insertas.]
1113 1474 1265 1508 Horum
1290 1485 1382 1509 con-

89 1527 197 1563 ditor
211 1556 220 1571 ‚
255 1526 436 1561 imitator
464 1525 537 1561 ille
570 1526 733 1574 quidem
766 1528 966 1572 Herodoti,
997 1527 1074 1563 sibi
1112 1533 1243 1563 tamen
1279 1527 1383 1564 nati-

89 1595 181 1619 vam
207 1581 251 1616 in
273 1581 479 1617 scribendo
508 1580 647 1616 faciem
677 1581 932 1618 dissimulare
960 1594 1038 1617 non
1063 1582 1208 1629 potuit.
1250 1583 1381 1619 Prima

91 1637 167 1672 illa
183 1662 193 1682 ‚
223 1639 378 1674 Καλλίεω
408 1633 438 1672 δὲ
458 1634 574 1672 τιν’τευ
603 1635 691 1678 ἄξων
719 1638 904 1682 vomax&
924 1635 1054 1679 μνήμην
1073 1638 1138 1674 ἐστὶ
1164 1635 1281 1674 πάντα
1306 1636 1382 1675 ‘revoc'

91 1690 203 1737 ἔχειν,
242 1690 464 1738 Sophistam
501 1690 688 1737 sapiunt,
726 1704 805 1726 non
842 1691 1082 1727 Herodotum
1100 1708 1107 1733 ς
1139 1703 1258 1740 quem
1273 1719 1281 1735 ‚
1311 1692 1384 1730 isto

93 1758 294 1794 nusquam
316 1745 430 1780 modo
453 1746 681 1792 loquentem
698 1772 707 1789 9
739 1746 879 1782 ordine
906 1748 1119 1782 verborum
1152 1749 1384 1795 perturbato

92 1801 227 1838 voluit
250 1800 421 1836 imitari.
451 1798 544 1842 ἄξιόν
574 1801 640 1837 ἐστι
668 1807 855 1848 sequente
885 1801 1093 1838 infinitivo
1123 1814 1202 1837 non
1230 1809 1286 1838 est
1312 1805 1385 1840 He-

92 1855 299 1892 rodoteum
314 1882 323 1899 ‚
340 1860 540 1903 quantum
556 1855 739 1892 memini.
769 1852 853 1906 [At
871 1856 960 1893 vide
981 1857 1051 1892 hoc
1066 1868 1112 1892 ex
1129 1857 1202 1893 lib.
1220 1859 1249 1893 Ι.
1265 1870 1297 1893 c.
1318 1867 1362 1902 14
1376 1885 1385 1902 ‚

99 1911 134 1946 6.
165 1912 226 1949 τοῦ
245 1908 400 1953 μάλιστα
420 1908 592 1950 μνήμην
623 1908 741 1953 ἄξιον
776 1909 894 1956 ἔχειν
926 1912 1034 1957 gerez]
1064 1913 1132 1948 Sed
1155 1926 1218 1948 cur
1241 1914 1385 1950 tandem

96 1966 195 2002 decet
216 1978 486 2013 unumquemque
503 1965 605 1999 istius
627 1966 764 2002 Calliae
784 1967 967 2011 πολλκχοῦ
984 1966 1211 2004 meminisse?
1231 1963 1387 2017 [Quid-

99 2020 144 2056 ni
162 2031 252 2056 vero
273 2020 477 2063 πολλαχοῦ,
501 2020 656 2067 qualibet
675 2022 797 2056 oblata
809 2023 996 2058 occasione
1008 2048 1017 2066 ‚
1035 2022 1223 2058 laudetur
1237 2023 1287 2058 ab
1304 2035 1387 2059 om·

101 2075 221 2111 nibus
251 2074 316 2111 vir
348 2073 466 2109 laude
496 2074 707 2122 praecipua
741 2076 885 2125 diguus
905 2072 948 2126 5³]
976 2078 1072 2114 τοῦτο
1105 2080 1185 2119 μὲν,
1223 2077 1388 2126 inquit,

102 2150 119 2157 -
135 2150 152 2157 ··
170 2149 187 2156 -
203 2129 299 2166 τοῦτο
321 2125 372 2172 δὲ,
393 2148 410 2156 -
425 2148 444 2156 ·
463 2149 480 2156 -
501 2130 599 2166 τοῦτο
621 2127 651 2166 δὲ
669 2151 684 2157 -
705 2151 722 2157 -
739 2152 778 2175 -‚
802 2131 877 2167 tria
906 2131 1021 2167 nobis
1042 2138 1273 2177 enumerat,
1296 2145 1390 2181 pro-

104 2189 193 2231 pter
210 2195 311 2231 quae
328 2190 550 2219 memoratu
576 2183 703 2220 videri
723 2185 881 2222 deberet
901 2186 1090 2222 omnibus
1110 2186 1387 2236 dignissimus:

105 2238 202 2275 τοῦτο
221 2240 277 2280 μέν
303 2236 390 2285 γοέρ,
411 2238 490 2281 ait,
514 2237 558 2274 τοὶ
579 2242 821 2286 προλελεγμένοι
851 2240 891 2284 οἷς
912 2240 989 2289 οὲνῆρ
1017 2238 1113 2289 ἄκρας
1142 2243 1303 2290 ἐλευθερῶν
1329 2242 1387 2283 τήν

106 2289 261 2339 πατρίδα.
283 2292 485 2339 Quaenam
505 2292 578 2328 illa
600 2295 782 2331 tandem?
811 2296 945 2331 virum
969 2297 1273 2343 praecellentem
1298 2298 1393 2334 Pisi-

80 2364 83 2366 ·
101 2352 274 2382 stratum
294 2346 428 2383 oderat
444 2347 626 2393 invidus,
648 2356 707 2394 et,
728 2358 773 2386 ut
789 2357 873 2395 erat
890 2351 1143 2398 pecuniosus„
1160 2352 1272 2388 eiecti
1292 2363 1393 2401 quae

106 2400 311 2449 publicata
335 2401 493 2438 fuerant
511 2403 624 2440 emit.
651 2401 734 2454 [At
749 2405 796 2440 de
817 2406 952 2441 eodem
970 2406 1058 2442 viro
1075 2406 1225 2442 ibidem
1247 2419 1394 2444 memo-

106 2462 263 2491 raverat
276 2457 480 2494 Herodotus
497 2486 506 2501 ,
526 2461 584 2495 καὶ
604 2459 649 2496 τά
671 2457 767 2497 ἄλλοι
785 2459 831 2497 τοὶ
855 2458 997 2505 ἔχθιστα
1018 2461 1046 2503 ἐς
1061 2460 1164 2498 αὗτόν
1183 2460 1300 2499 πάντα
1317 2464 1395 2503 {un-

110 2505 283 2560 xoevoffi'a]
299 2511 404 2548 Τῡῦτο
419 2509 467 2553 δέ,
491 2512 547 2548 ait
563 2539 572 2557 7
595 2512 641 2559 ταὶ
659 2515 686 2551 ἔν
702 2513 877 2562 Ὀλυμπίῃ
895 2516 1042 2559 ἐποίησε,
1065 2517 1159 2563 ἵππῳ
1179 2516 1310 2559 νικήσας
1322 2524 1395 2551 ete.

162 2566 339 2602 Herodot.
359 2566 404 2602 T.
420 2567 484 2602 VI.
502 2568 544 2603 P.
564 2568 593 2605 I.
1095 2572 1128 2606 O

1110 2607 1124 2618 x
