1718 2919
319 241 368 280 82
599 235 1348 277 ADNOTATIONES

320 341 538 378 indicatur.
567 340 762 378 Scholiast.
779 340 826 377 ad
841 342 963 390 Eurip.
980 342 1107 378 Orest.
1130 354 1244 378 1001.
1262 341 1397 390 Ἀτρέως
1414 341 1611 386 ἱπποβόται,

318 397 440 439 ἵππους
459 397 646 445 τρέφοντος,
678 398 736 434 καὶ
754 395 876 438 ἵππους
896 396 1132 439 ἐπιβκίνοντοςτ
1163 397 1235 445 qui
1261 396 1363 432 mihi
1390 396 1461 433 tali
1486 397 1611 446 glossa

316 451 539 501 significat,
558 450 601 486 in
622 451 716 487 aliis
730 450 883 500 Tragici
906 450 1100 499 exemplis
1118 451 1253 498 Ἀτρέως
1274 451 1455 490 ἱπποβάται
1479 452 1613 495 fuisse,

316 508 399 545 sicu
407 506 436 543 ti
453 507 621 556 Sophocl.
633 506 745 543 Aiac.
760 518 815 542 vs.
831 506 922 542 620.
941 504 1106 550 οἶοβότας,
1125 511 1164 542 et
1178 506 1342 542 Philoct.
1356 519 1448 553 217.
1467 505 1614 554 οὲγροβό-

316 579 376 606 τας
394 562 628 598 variabatur
645 561 760 597 olim.
789 561 903 596 Dices
918 587 928 605 ,
946 560 1160 608 disputatis
1179 561 1284 596 haud
1306 573 1451 609 parum
1472 573 1613 598 nocere

315 618 522 657 ἱπποβητέων
544 615 871 653 Chalcidensium
898 615 1303 652 conmemorationem
1330 616 1404 652 lib.
1426 618 1496 653 VI.
1521 629 1611 653 100.

312 672 377 709 sed
405 671 528 708 aliter
553 672 671 707 habet
701 682 784 714 res,
821 682 868 706 ex
896 669 1110 707 Codicibus
1139 670 1450 720 promulganda:
1480 682 1612 720 neque

313 739 404 777 ergo
424 727 530 762 male
550 727 613 763 Cl.
632 726 724 763 Ahr.
748 726 907 762 Gronov.
930 725 977 761 ad
998 725 1205 762 Aelianum.
1242 727 1376 762 Restat
1391 726 1456 762 τῶν
1475 725 1613 774 κλῆρον’·

312 798 381 828 χων
406 793 624 825 numerus,
652 782 768 830 longe
794 781 838 816 in
862 782 1018 818 Aeliano
1043 780 1192 817 minor.
1229 784 1421 826 Διοχιλίους
1441 792 1489 817 ex
1514 780 1613 818 scri·

312 837 392 885 ptis
411 836 491 873 viri
513 837 635 872 celeb.
656 837 862 873 Perizonius
888 841 926 871 et
945 836 1020 871 Iac.
1045 836 1245 872 Gronovius
1269 835 1394 871 Praef.
1413 835 1461 870 ad
1479 837 1522 871 Τ.
1538 838 1608 873 IV.

309 893 421 929 Thes.
444 894 542 928 Ant.
570 894 705 928 Graec.
735 891 901 939 expulso
925 896 1057 927 vetere
1082 888 1347 939 τεσσαράκοντα,
1382 891 1553 938 probant
1571 896 1612 927 et

312 953 482 997 urgent,
512 946 668 994 opinati
698 946 866 994 insuper
890 945 983 982 satis
1002 957 1095 981 eum
1117 945 1302 992 amplum
1320 944 1471 990 videri,
1490 947 1612 983 Hero·

310 1004 467 1051 dolique
484 1003 767 1050 τετρακισχιλίους
793 1001 871 1049 (sic
889 997 1114 1047 Gronovius)
1143 1000 1292 1048 partim
1313 999 1357 1035 in
1379 1001 1611 1049 Hippobota-

309 1071 389 1093 rum
420 1069 553 1107 agros,
590 1056 739 1104 partim
774 1056 971 1092 aliorsum
1006 1054 1288 1104 conmigrasse:
1325 1068 1449 1103 quam
1481 1062 1608 1100 recte,

310 1125 391 1149 non
419 1112 568 1152 indico.
606 1113 773 1155 Aeliani,
804 1111 943 1147 sedulo
975 1116 1020 1147 ut
1045 1110 1175 1146 dicam
1193 1136 1203 1154 ,
1230 1108 1500 1158 τεσσαράκοντα,
1533 1110 1606 1147 ubi

309 1175 401 1204 nota
429 1167 633 1204 numerali
655 1166 898 1215 pingantur,
929 1177 975 1201 ex
1000 1172 1155 1215 quatuor
1170 1165 1305 1202 Nostri
1337 1165 1488 1202 millibus
1517 1179 1609 1214 pro·

305 1223 418 1273 gigni
442 1221 554 1259 sacili
577 1227 799 1270 potuerunt
821 1227 951 1269 partu.
984 1220 1162 1259 WESS.

371 1291 430 1314 12.
461 1278 497 1315 οἱ
527 1274 553 1314 δ’
573 1275 761 1316 ἱπποβόται
780 1276 948 1313 ἐκαλέοντο
970 1274 998 1312 οἱ
1015 1273 1166 1322 παχέες)
1196 1274 1392 1322 Equidem
1415 1288 1496 1311 non
1519 1276 1607 1325 opi·

308 1346 383 1370 nor
402 1332 458 1369 sic
477 1334 527 1368 ab
547 1333 737 1376 Herodoto
758 1331 930 1379 potuisse
955 1330 1098 1373 seribi3
1126 1329 1188 1366 sed
1203 1356 1212 1373 ‚
1238 1330 1414 1366 articulo
1439 1331 1603 1377 omisso,

307 1386 496 1428 ἱπποβόται
527 1384 566 1424 δὲ
596 1387 765 1424 ἐκαλέοντο
794 1386 820 1423 οἱ
852 1384 982 1430 παχέες
1008 1386 1072 1422 τῶν
1100 1381 1315 1423 Χκλκιδέωντ
1345 1385 1452 1433 quod
1479 1399 1602 1435 supra

306 1443 389 1479 iam
409 1441 584 1478 indicavi
606 1441 650 1476 in
672 1441 745 1478 lib.
767 1442 795 1477 Ι.
816 1454 849 1478 c.
873 1442 959 1477 180.
993 1441 1130 1476 Forma
1153 1439 1330 1475 nominis
1357 1441 1453 1486 ista,
1477 1442 1604 1480 ἱππο-

306 1496 439 1537 βόται
468 1497 534 1532 hic
553 1503 638 1532 erat
657 1496 700 1532 in
721 1497 821 1533 Flor.
841 1495 936 1533 Cod.
965 1491 1114 1545 [quam
1136 1494 1284 1543 reecpit
1301 1495 1486 1543 quidem,
1514 1494 1608 1547 sed]

305 1553 422 1588 cuius
456 1557 588 1588 tamen
616 1551 836 1588 bonitatem
866 1551 932 1587 vir
960 1551 1056 1586 clar.
1088 1562 1167 1586 non
1200 1545 1363 1599 [diserte
1390 1549 1434 1586 in
1465 1549 1605 1602 Notis]

304 1607 613 1650 commendavit3
638 1619 807 1651 memor,
834 1611 880 1642 ut
900 1613 1015 1654 puto,
1038 1604 1207 1641 alterius
1228 1605 1306 1641 loci
1326 1607 1394 1642 VI.
1415 1619 1502 1642 100.
1527 1600 1602 1642 ubi

304 1663 351 1699 ad
373 1663 584 1712 vulgatum
600 1687 610 1706 ‚
631 1662 694 1699 τῶν
712 1662 919 1701 ἱπποβητέων
935 1657 1146 1702 Χκλκιδέων,
1177 1660 1285 1695 nihil
1304 1672 1351 1696 ex
1373 1662 1470 1698 Med.
1492 1673 1603 1710 repe—

305 1718 434 1754 riebat
457 1722 679 1753 enotatum.
719 1716 782 1753 Ad
802 1718 948 1752 Aelian.
971 1718 1068 1752 Var.
1088 1714 1189 1751 Hist.
1210 1716 1279 1752 VI.
1306 1728 1338 1751 1.
1358 1714 1503 1752 incerti
1525 1716 1601 1752 flu·

302 1778 465 1817 emant,
500 1778 641 1808 utrum
670 1771 942 1819 opulentiores
971 1769 1080 1806 inter
1104 1769 1380 1806 Chalcidenses
1411 1769 1599 1810 ἱπποβόται

303 1827 401 1864 dicti
422 1827 528 1871 sint,
553 1839 604 1863 an
631 1824 837 1866 ἱπποβάται.
871 1827 1023 1873 Sequor
1043 1824 1244 1861 iudicium
1267 1824 1481 1874 utriusque
1507 1826 1602 1862 Gro-

303 1885 419 1927 novii,
446 1881 757 1931 suffragantium
783 1881 1015 1923 Casaubon03
1050 1892 1174 1928 pauca
1203 1879 1368 1928 quidem
1396 1880 1539 1917 attulit
1567 1881 1600 1918 is

299 1938 347 1974 ad
367 1937 539 1975 strabon.
558 1936 622 1972 sed
641 1935 791 1984 quihus
812 1948 896 1972 mea
915 1937 1056 1971 saltem
1075 1934 1266 1982 opinione
1285 1935 1517 1982 planissime
1534 1935 1603 1972 de-

302 1991 542 2029 monstravit
574 1991 698 2028 dictos
726 1989 932 2033 ἱπποβό-τας.
970 1993 1028 2027 Ne
1057 1992 1188 2039 equites
1211 1989 1375 2038 quidem
1394 1991 1600 2028 commode

301 2048 382 2084 dici
405 2045 579 2094 potuisse
602 2051 739 2094 putem
765 2044 984 2088 ἱπποβάταςε
1017 2045 1079 2081 sed
1094 2071 1103 2089 ‚
1134 2051 1179 2080 ut
1200 2043 1369 2089 οἶοβότκς,
1396 2044 1595 2091 almam,

299 2103 357 2140 sic
388 2104 446 2152 qui
470 2115 575 2150 equos
602 2104 732 2145 aleret,
763 2105 848 2136 erat
873 2098 1072 2143 ἱπποβότκς.
1118 2102 1279 2149 Quorum
1308 2106 1443 2135 autem
1473 2114 1599 2138 census

297 2160 395 2207 equis
414 2157 552 2192 alendis
573 2159 761 2205 sufficeret,
780 2162 901 2203 atque
918 2154 1012 2190 adeo
1032 2156 1207 2203 opulenti,
1222 2155 1468 2191 vocabantur
1487 2155 1596 2203 apud

301 2211 578 2250 Chalcidenses
604 2208 806 2249 ἱπποβόται.
846 2210 1081 2256 Comparari
1108 2209 1400 2257 quodammodo
1431 2216 1596 2258 possunt

300 2264 704 2313 οἶκίοιιτεθριπποτρόφομ
735 2260 892 2314 [Herod.
913 2265 982 2300 VI.
1005 2265 1076 2303 55.
1100 2265 1134 2300 5.
1151 2270 1256 2300 etia
1248 2265 1309 2308 5,
1330 2265 1393 2301 26.
1402 2260 1418 2314 ]
1447 2265 1595 2301 Rarius

296 2321 406 2357 illud
439 2323 622 2369 Antigoni
646 2321 808 2370 Carystii
837 2319 886 2353 de
914 2325 1024 2366 patre
1048 2305 1269 2355 Polemonis
1299 2319 1406 2366 apud
1438 2321 1594 2368 Diogen.

298 2378 424 2414 Laert.
443 2377 512 2412 IV.
533 2388 593 2421 17.
613 2375 738 2410 illum
762 2391 826 2411 των
840 2390 973 2421 vtfwrwv
993 2389 1026 2410 τε
1046 2372 1125 2411 εἶναι
1146 2384 1289 2411 πολιτων
1306 2376 1364 2410 καὶ
1387 2373 1592 2420 deuon-orfo-

298 2432 424 2475 φῆσαιτ
451 2442 546 2466 nam
565 2430 620 2466 sic
639 2429 710 2465 ista
733 2428 939 2465 scribenda
959 2434 1068 2465 sunt.
1097 2429 1177 2475 Qui
1198 2427 1369 2464 Athenis
1387 2429 1486 2464 olim
1507 2428 1594 2475 opi-

296 2487 370 2523 bus
392 2485 624 2522 eminebant
641 2482 824 2533 γεωμόροι,
849 2483 922 2532 qui
943 2483 1146 2531 Syracusis
1167 2489 1206 2520 et
1226 2483 1352 2527 alibi,
1371 2481 1513 2532 γαμόροι
1532 2482 1594 2518 di·
