1718 2919
254 197 352 239 AD
396 197 980 238 HERODOT.VIII.
1015 209 1178 249 9o.92.
1310 198 1386 242 165

98 300 292 350 scriptum
316 301 553 350 oportuerit.
582 302 764 338 Verbum
793 301 1018 342 λαβέσθαι
1047 301 1213 350 eiusque
1232 313 1390 350 compo-

100 358 176 394 sita
201 369 292 393 cum
313 357 486 406 genitivo
509 369 598 392 casu
627 356 807 405 legitime
834 355 1036 401 construi,
1065 362 1207 392 notum
1226 363 1295 393 est.
1341 360 1390 395 Et

102 410 432 460 προσλαβέσθαι
462 411 625 459 quidem
645 424 843 459 nusquam
862 411 964 447 alibi
982 411 1157 458 reperire
1176 411 1279 447 mihi
1297 424 1390 448 con-

101 465 215 515 tigit,
238 465 315 502 nisi
345 465 387 501 in
412 466 487 501 illo
506 467 763 514 Aristophanis
784 465 914 511 dicto,
943 467 1026 501 Pac.
1052 479 1107 502 vs.
1127 480 1162 516 9.
1186 467 1256 502 ubi
1279 468 1390 503 abso-

101 521 191 556 lute
210 520 397 568 ponitur,
411 531 542 568 προσ-λ
555 518 609 558 οέβ
622 522 707 557 eris
729 519 809 568 πρδς
828 520 936 558 &savz
959 520 1028 556 ubi
1051 521 1178 558 Schol.
1195 520 1390 561 Βοηθῆσοιτε.

101 575 176 613 Sed
195 581 355 624 cognata
372 576 668 621 τροτεπιλοιβέτθοιι
687 582 725 611 et
747 576 971 615 συλλαβέσθαι
991 588 1083 611 cum
1103 575 1278 625 genitivo
1297 589 1386 612 casu

101 634 324 666 constructa
355 629 460 676 apud
488 631 677 666 Nostrum
697 631 910 673 habemus,
930 633 981 666 V.
1006 638 1077 676 44,
1101 644 1136 680 9.
1162 637 1200 666 et
1224 631 1272 675 45
1288 657 1298 676 ,
1326 631 1384 668 13,

98 685 165 722 ΙΙΙ.
186 686 255 729 48,
280 697 313 720 ι.
345 684 457 731 Quod
476 689 609 720 autem
634 685 802 732 opponit
826 685 1032 730 Schulzius,
1055 686 1173 723 verba
1194 686 1288 721 haec
1309 698 1388 722 non

100 739 181 776 nisi
208 738 252 775 in
275 739 418 775 bonam
451 744 602 786 partem
630 740 755 775 solere
777 739 926 787 accipi,
955 740 993 775 id
1021 740 1184 788 quidem
1212 753 1292 776 non
1322 742 1390 776 ob-

99 799 178 831 stat
209 806 290 842 quo
324 794 461 829 minus
491 795 610 829 verbo
644 793 864 842 προσελοέβετο
897 794 962 830 hic
993 807 1071 831 esse
1098 796 1208 831 locus
1243 795 1387 843 possit:

99 860 277 896 namque
291 848 467 897 intesligi
485 847 664 893 debebit7
685 846 907 896 προσελάβετο
928 848 1039 893 αὐτοῖς
1057 849 1168 898 (scil.
1189 853 1254 892 τοῖς
1268 848 1389 897 ''Ima-1)

100 903 219 942 τούτου
240 904 300 940 τοῦ
315 909 401 940 Φοιν.
420 901 559 946 ποίθεος,
589 904 725 939 adiuuit
746 904 872 947 Ionas,
892 917 1036 952 operam
1055 918 1154 941 suam
1173 907 1243 941 illis
1265 911 1390 940 contu-

98 960 164 1003 lit,
183 964 222 994 ut
238 957 282 993 ab
312 971 432 993 eorum
460 958 634 1007 capitibus
651 960 690 994 in
714 960 838 1007 capita
856 959 1072 995 Phoenicum
1092 966 1267 997 auerteret
1291 963 1391 995 cala-

98 1015 271 1049 mitatem.
298 1011 342 1050 S.

213 1064 358 1106 CAP.
384 1063 540 1106 XCII.
575 1080 608 1104 1.
635 1065 801 1104 Ἐνθοιῧτοι
830 1067 1008 1116 συνεκύρεον
1032 1069 1099 1111 νῆες
1122 1065 1225 1117 etc.)
1259 1070 1390 1117 Nugas

100 1117 296 1172 [veteris]
325 1121 557 1169 Interpretis
590 1121 637 1156 de
669 1121 942 1158 Themistoclis
967 1128 1006 1158 et
1034 1123 1223 1170 Polycriti
1255 1123 1389 1159 navali

99 1175 287 1214 conflictu
303 1202 313 1221 ,
332 1177 381 1212 ab
393 1180 495 1213 Aem.
510 1177 621 1212 Porto
636 1176 829 1222 explosas,
846 1176 1054 1226 propagari
1076 1179 1205 1214 nolui.
1223 1177 1388 1215 Ἐνθοιίῖτα

99 1229 299 1278 συνεκύρεον,
328 1231 375 1267 ihi
401 1245 506 1267 naves
526 1230 592 1267 sibi
611 1238 862 1276 occurrerunt,
884 1232 945 1267 uti
967 1244 999 1267 c.
1024 1234 1085 1278 87.
1116 1230 1187 1270 οὔτε
1212 1232 1238 1269 εἶ
1260 1231 1391 1269 συνεκύ-

99 1301 173 1334 ρησε
193 1284 212 1324 »i
232 1285 295 1322 τῶν
321 1283 511 1323 Καλυνδέων
525 1305 573 1312 --
591 1286 675 1327 νηῦς.
715 1287 899 1333 Pythcam
918 1298 1030 1331 vero,
1051 1298 1097 1322 ex
1117 1286 1347 1334 captivitate
1366 1299 1389 1321 a.

99 1339 298 1388 Polycrito
322 1339 596 1384 vindicatum,
633 1338 859 1386 Ἰσχενόου
878 1343 1002 1389 filium
1027 1341 1173 1377 melius
1203 1341 1277 1377 lib.
1302 1342 1390 1377 VII.

103 1408 117 1431 1
131 1397 194 1431 81.
216 1390 361 1444 [quam
381 1393 549 1440 Ἰσχένου,
575 1399 621 1430 ut
642 1394 707 1430 hic
723 1396 843 1444 vulgo
865 1398 930 1432 lin.
957 1391 1018 1445 5.]
1035 1395 1180 1440 scribi,
1202 1401 1296 1431 ante
1321 1395 1388 1432 hos

99 1450 288 1486 ducentos
306 1462 430 1485 annos
453 1451 504 1485 H.
523 1449 722 1498 Stephanus
743 1449 892 1485 docuit.
919 1451 1102 1488 WESS.

160 1517 172 1539 1
189 1517 200 1539 1
225 1517 299 1552 seq·
333 1504 360 1546 ἒς
381 1505 445 1540 τῶν
472 1504 663 1545 Αἰγινητέων
691 1502 747 1541 τᾶν
777 1501 953 1546 Μκὸισμδν
987 1501 1176 1554 ὀνειδίζων)
1205 1506 1300 1541 Ecce
1318 1503 1390 1540 ite-

97 1571 192 1596 rum
219 1557 444 1606 Crispinus.
490 1559 682 1594 vertebat
712 1555 881 1608 [Valla]
897 1575 906 1592 .·
936 1559 1158 1608 exprobrans
1181 1561 1390 1608 Aeginetis,

98 1614 194 1663 quod
211 1626 288 1648 cum
307 1614 421 1650 Medis
441 1614 627 1648 sentirent.
648 1608 776 1662 [quae
795 1613 960 1661 quidem
983 1614 1131 1650 intacta
1152 1615 1278 1650 l‘Vess.
1295 1625 1389 1649 cum

101 1670 217 1705 Gron.
235 1667 279 1702 in
301 1667 427 1703 latina
445 1667 624 1703 versione
643 1664 855 1718 reliquit.]
892 1668 1039 1704 Hoc.de
1058 1668 1254 1715 Polycrito
1272 1668 1391 1717 Aegi-

98 1729 285 1760 netarum
322 1722 484 1758 ductore
509 1722 741 1758 credemus?
777 1722 906 1759 Sensit
927 1723 1214 1759 inconmodum
1237 1723 1303 1760 vir
1322 1723 1390 1758 do-

98 1784 186 1814 ctus
206 1773 441 1828 [Reiskius]‚
471 1776 533 1813 sed
552 1777 668 1813 auxit
697 1777 928 1822 scribendo,
959 1778 987 1820 ἐς
1011 1777 1144 1818 ἐπήκοον
1172 1778 1236 1814 τῶν
1260 1778 1390 1820 Αἰγινη-

98 1834 175 1871 τέων
193 1830 250 1869 τᾶν
268 1838 339 1868 etc.
357 1858 367 1876 ‚
388 1831 501 1880 quasi
526 1831 745 1879 Polycritus
761 1832 1015 1868 Themistocli
1033 1832 1294 1868 audientibus
1313 1832 1389 1868 Ae-

99 1886 244 1937 ginetis
263 1886 444 1922 studium
461 1886 707 1922 Medicarum
736 1887 916 1933 partium
942 1888 1230 1935 exprobrasset3
1253 1885 1391 1931 cuius,

99 1942 133 1978 si
155 1941 368 1978 Sicinnum
396 1941 444 1977 ad
469 1942 622 1977 Persam
649 1940 815 1977 missum
839 1941 1023 1991 cogitasse
1049 1940 1171 1985 velis,
1200 1940 1390 1978 notitiam

100 2009 180 2032 non
216 1995 380 2040 habuit,
416 1995 490 2031 uni
523 1995 695 2032 Aristidi
726 1997 981 2043 patefactam
1016 2007 1145 2043 neque
1174 1995 1283 2031 fraus
1314 1994 1390 2031 illa

101 2049 246 2087 bellica
268 2051 460 2098 probrum
481 2049 574 2086 fuit.
613 2049 700 2088 Nisi
720 2052 871 2100 egregie
889 2051 1034 2096 fallor,
1064 2051 1270 2101 Potycritus
1296 2049 1390 2085 The-

101 2107 296 2142 mistoclem
330 2106 425 2141 dicto
456 2106 666 2150 momordit,
697 2107 791 2153 quod
810 2106 1086 2153 superioribus
1114 2104 1234 2141 annis
1255 2115 1391 2140 omnes

100 2162 301 2209 Aeginetae
326 2165 365 2195 et
394 2159 437 2194 in
467 2160 528 2195 his
555 2160 678 2204 Crius,
707 2160 834 2207 ipsius
861 2166 994 2208 pater,
1020 2160 1174 2197 sinistra
1191 2160 1393 2195 Athenien·

99 2217 191 2252 sium
208 2216 457 2251 criminatione
475 2214 584 2250 studii
606 2227 695 2263 erga
720 2215 845 2251 Medos
855 2212 1011 2261 fuerant
1039 2215 1216 2251 arcessiti.
1256 2212 1296 2249 Si
1318 2212 1392 2247 du-

101 2269 225 2314 bitas,
253 2269 337 2305 redi
357 2269 405 2305 ad
425 2269 497 2305 lib.
515 2270 584 2306 VI.
604 2279 668 2318 49.
698 2271 743 2306 In
763 2269 871 2305 hunc
893 2281 983 2318 ergo
1010 2267 1299 2317 Aeginetarum
1326 2282 1392 2307 μκ-

101 2321 253 2366 ἒιςμόν“
243 2336 327 2371 ipso
347 2324 391 2358 in
413 2322 620 2359 conflictus
640 2323 792 2360 fervore
814 2320 971 2369 ὄνειδίξει,
997 2334 1065 2358 seu
1087 2334 1165 2358 non
1190 2321 1276 2359 sine
1302 2332 1392 2368 pro-

101 2378 206 2415 bro'
195 2391 264 2415 inv
267 2379 404 2414 ehitur
421 2384 459 2414 et
479 2377 621 2414 obiicit
648 2377 962 2414 Atheniensium
991 2376 1225 2424 imperatori
1240 2404 1250 2421 ‚
1272 2373 1392 2422 quip-

101 2445 175 2493 pe,
200 2434 306 2481 quod
333 2445 393 2469 res
417 2432 670 2477 ostendebat,
695 2432 974 2476 fiffissimum,
1003 2430 1237 2479 Polycritus.
1279 2431 1392 2472 Mox

100 2497 150 2529 νηΐ
172 2487 329 2532 ἐμβαλών
354 2487 559 2532 Sidoniae⁷
580 2487 628 2522 de
648 2499 729 2535 qua
746 2487 887 2535 paullo
905 2485 1102 2534 superius.
1134 2483 1263 2528 WES
1276 2483 1313 2520 S.
