1718 2919
340 153 436 192 AD
479 153 742 194 VITAM
787 152 1125 192 HOMERI.
1307 156 1381 198 325

90 258 184 294 alin
206 257 391 306 Egregiae
418 257 518 293 hanc
551 256 594 292 in
621 268 704 293 rem
733 257 1023 293 observationes
1050 258 1235 294 suntrTh.
1255 260 1385 309 Ryckii

72 313 135 349 .in
165 312 448 349 Dissertatione
472 308 651 362 [adiecta
679 312 877 348 Holstenii
906 311 1018 349 Notis
1043 312 1091 347 ad
1111 313 1248 360 steph.
1270 310 1382 363 Byz.]

89 367 139 403 de
155 367 276 403 Prim.
298 368 384 403 Ital.
406 368 545 403 Colon.
571 379 601 403 c.
629 379 689 402 10.
713 380 752 414 p.
780 367 871 411 446.
893 372 932 402 et
956 368 1016 403 Ti.
1041 368 1305 405 Hemsterhusii
1332 369 1381 405 ad

86 422 224 460 Pollae.
246 424 294 457 X.
318 423 381 458 85.
652 462 654 464 ,

89 508 93 510 ,
149 478 185 512 8.
212 474 269 516 τήν
292 492 326 512 τε
351 471 539 525 Φωκαΐδα)
559 475 599 512 Si
625 476 685 512 Cl.
710 476 766 512 Ῑο.
782 475 867 512 Alb·
887 476 1073 512 Fabricius
1094 475 1200 513 Bihl.
1220 479 1287 514 GP.
1306 477 1379 515 lib.

87 531 135 568 II.
157 543 193 567 2.
215 530 440 577 scripserit,
467 527 597 571 Φωκαῒς
616 532 803 567 Herodoto
823 542 856 566 c.
882 532 941 567 16.
948 559 960 576 ,
981 533 1053 568 sive
1074 533 1258 580 legendum
1273 538 1380 574 ᾤκισε,-

86 587 138 627 κὶς
163 599 206 622 esc
234 587 361 622 Ovidio
386 587 455 622 IV.
477 598 520 621 ea:
540 586 676 629 Ponto,
704 583 852 634 (quam
880 585 948 620 illi
973 585 1244 622 coniecturam
1271 587 1380 624 Emi-

87 640 252 676 nentiss.
273 638 500 676 Cardinalis
523 641 668 689 Quirini
689 639 922 676 criminatio
943 640 1139 677 Primord.
1166 642 1325 689 Corcyr.
1345 655 1379 678 c.

87 694 125 730 3.
146 692 333 742 inputat)
353 693 607 730 coniectando
621 694 835 733 aberravit.
862 696 940 744 Ego
957 695 1243 732 coniectionem
1260 696 1377 734 istam

85 748 216 784 adhuc
232 761 393 797 quaero.
416 750 474 785 De
491 749 702 785 Phaeacide
722 752 891 786 Tuticani
914 752 1114 798 praeclare
1133 752 1186 787 N.
1205 753 1380 789 Heinsius

82 802 128 839 in
149 804 222 841 lib.
240 807 306 842 IV.
332 806 404 852 Ep.
424 815 470 839 ex
486 805 606 839 Ponto
630 818 720 849 xw,
744 817 807 851 27.

196 857 342 898 CAP.
361 855 532 896 XVII.
556 872 589 895 1.
614 856 718 907 ἄνδρες
746 862 820 897 Χῖοι
846 856 1012 907 ἔμποροι)
1040 863 1172 897 Erunt
1194 861 1375 905 fortasse,

83 912 235 960 quibus
262 912 408 961 ἔμπειροι
442 913 693 950 arridebunt.
739 913 812 951 Sed
845 913 954 949 enim
982 916 1284 965 langermannum
1308 915 1374 951 adi

81 967 132 1003 ad
153 970 291 1005 Polluc.
309 970 394 1005 VII.
417 981 452 1015 7.
477 974 813 1006 conmentantem.
843 969 1018 1016 Sequens
1044 972 1262 1007 Barocciani
1289 968 1374 1011 ὠφέ-

82 1031 180 1063 λημα
198 1021 309 1070 κοέρτοι
331 1021 479 1065 πολλόν,
507 1024 700 1060 Barnesius
721 1022 886 1066 ὠφέλημα
909 1019 967 1060 aaz
992 1024 1102 1072 κοέρτκ
1123 1032 1195 1062 etc.
1227 1026 1375 1061 Reinol-

83 1078 162 1113 dius
187 1076 351 1120 ὠφέλημα
365 1076 476 1122 κοέςτω
491 1076 619 1115 πολλόν
639 1080 696 1115 καὶ
713 1076 846 1115 ἔπαινον
865 1077 1055 1116 ordinant
1073 1086 1194 1128 atque
1211 1084 1370 1128 augent.

81 1132 276 1179 Equidem
299 1131 506 1179 posteriori
520 1158 530 1176 9
558 1133 673 1168 modo
693 1132 908 1168 accessione
926 1133 1036 1170 locus
1055 1134 1272 1184 indigeret,
1292 1134 1372 1170 cal-

80 1187 221 1222 culum
241 1186 492 1234 adponerem.

144 1254 203 1277 10.
233 1241 285 1278 ἐπὶ
304 1239 468 1288 ξύλου)
497 1241 680 1278 Melius'
668 1243 720 1278 επὶ
745 1240 898 1285 ξύλον,
930 1241 991 1277 uti
1018 1254 1050 1277 c.
1073 1242 1108 1277 6.
1131 1253 1370 1280 καταπεπλευ·

79 1311 145 1338 κως
162 1296 214 1333 ἐπὶ
235 1312 335 1333 curav.
364 1295 459 1331 Vise
478 1296 541 1333 Cl.
561 1296 948 1365 Valckenariiselipta
968 1296 1015 1332 ad
1036 1296 1368 1347 Polymn.c.195.

192 1347 336 1389 CAP.
349 1348 546 1389 XVIII
567 1364 600 1387 2.
619 1366 677 1388 τκν
690 1368 711 1388 οι
724 1353 741 1388 ὑ
753 1361 814 1387 λιν
832 1352 883 1388 ἐπι
900 1352 948 1399 τῷ
963 1352 1067 1397 πλείῳ
1087 1350 1278 1397 {vomo-otro)
1294 1354 1369 1389 He-

76 1406 197 1441 rodoti
215 1407 348 1441 Musae
365 1405 581 1441 dictionem
599 1411 844 1441 aversantur.
865 1405 1143 1442 Praestahilior
1162 1413 1292 1443 tamen
1311 1411 1369 1443 est

79 1471 174 1506 prae
198 1460 296 1495 olim
320 1466 487 1508 recepta.
525 1463 703 1496 Maximus
726 1461 986 1508 Philosophus
1004 1476 1073 1507 περι
1091 1463 1281 1510 Καταρχων
1307 1474 1362 1499 v.s

83 1514 174 1558 345.
204 1513 264 1552 '311
283 1531 340 1551 και
367 1516 395 1552 ἐν
416 1516 535 1554 τεμένει
554 1513 974 1582 κουῶίκνῆποιεύμενος
1005 1518 1146 1552 αυλιν.

191 1567 336 1608 CAP.
355 1567 526 1608 XJXff
510 1582 527 1603 2
535 1569 664 1606 Ουὸὲν
685 1563 720 1610 ἣν
742 1567 1014 1617 οἷπόστολον)
1036 1570 1145 1606 Aliis
1163 1573 1276 1607 πλοιον
1295 1570 1363 1606 ad-

78 1622 245 1673 iungere
264 1637 346 1660 mos
365 1631 432 1660 est.
454 1595 601 1661 Confer
621 1625 993 1665 Clar.Ruhnken1'um
1011 1625 1059 1660 ad
1081 1626 1216 1662 Timaei
1233 1625 1361 1662 Lexic.

77 1691 116 1727 p.
141 1680 203 1716 51.
232 1675 298 1729 [p.
318 1681 383 1724 43.
400 1679 459 1715 ed.
478 1679 573 1724 sec.]
1346 1698 1352 1701 -

136 1735 173 1770 8.
200 1733 423 1771 πτωκοίσιν
442 1734 578 1781 αἶθυίῃσι
598 1731 611 1782 )
641 1734 767 1770 Pavidi
786 1733 910 1783 mergi
925 1740 1020 1770 sunt
1036 1761 1046 1778 ‚
1064 1731 1258 1777 πτωκοὶδες,
1277 1748 1360 1783 non

78 1787 223 1837 utique
257 1786 433 1834 πτωχεὶἓες
464 1789 544 1825 sive
578 1790 738 1824 mendici.
778 1788 1013 1825 Consimilis
1041 1788 1084 1824 in
1120 1789 1359 1836 scriptione,

75 1843 195 1880 sicuti
220 1846 401 1880 Kiisterus
421 1843 721 1887 animadvertit,
739 1843 909 1880 variatio
927 1843 969 1879 in
987 1844 1172 1893 Sophoclis
1192 1844 1359 1882 Philoct.

74 1911 132 1935 vs.
157 1912 170 1934 1
185 1911 270 1934 121.
296 1899 467 1937 WESS.
490 1919 540 1924 —
575 1897 680 1935 Vide
698 1898 854 1935 Scholia
876 1901 1018 1936 Graeca
1037 1898 1083 1934 ad
1108 1899 1136 1934 l.
1153 1910 1186 1936 c.
1206 1899 1278 1947 qui
1300 1905 1359 1936 est

71 1965 129 1991 vs.
154 1954 268 2004 ¹093·
287 1953 347 1990 ed.
365 1955 518 1990 Brunck.
547 1955 715 1990 Fortasse
735 1964 826 1989 vero
848 1958 1018 2001 utraque
1036 1953 1198 1989 notione
1223 1954 1358 2001 perin-

72 2008 122 2044 de
149 2013 188 2045 et
217 2007 362 2054 πτωχοὲς
383 2015 422 2045 et
450 2006 588 2050 πτωκιὶς
618 2007 844 2044 dicebatur:
876 2010 926 2044 ab
949 2007 1084 2044 eodem
1120 2008 1227 2044 fonte
1252 2015 1357 2045 certe

70 2069 294 2111 utrumque
305 2063 733 2100 duciturvocabulum.
746 2066 800 2099 At
813 2064 976 2105 πλωοίο-ιν,
999 2063 1212 2100 natabilibus
1222 2092 1232 2108 ‚
1247 2063 1355 2111 apud

68 2120 259 2156 Nostrum
285 2118 564 2168 corrigendum
587 2117 740 2153 censuit
762 2119 927 2163 Ernesti,
949 2119 1140 2166 probante
1158 2119 1353 2162 Brunckio,
1396 2168 1400 2169 ⁷

69 2173 143 2222 qui
172 2172 426 2209 simillimam
456 2173 650 2209 medelam
677 2173 845 2222 Sophocli
870 2173 1058 2209 adhibere
1087 2186 1166 2209 non
1193 2172 1356 2208 dubita-⁷

63 2227 136 2265 vit.
163 2226 208 2265 S.

127 2295 186 2319 10.
216 2281 290 2323 μέτ’
320 2280 421 2331 ἔπιε)
452 2285 638 2330 Ineptum
660 2282 852 2330 nullique
881 2282 939 2319 rei
967 2283 1118 2325 μέτοπις.
1155 2281 1263 2318 Belle
1279 2282 1351 2317 Ρα-

63 2340 139 2377 vius
154 2363 164 2382 ‚
185 2339 399 2381 Barnesius,
433 2339 721 2384 Reinoldiusque
743 2337 1050 2380 disiunxerunt‚
1071 2335 1144 2378 μέτ’
1171 2333 1262 2378 δ’πις,
1291 2335 1355 2376 μέι.

61 2408 106 2431 τοι
124 2392 251 2430 vicem
270 2391 381 2429 verbi
400 2393 534 2435 μέτεστι
562 2393 765 2442 fungente.
796 2394 950 2430 Kiisteri
971 2390 1182 2427 institutus
1208 2389 1256 2426 ad
1272 2390 1350 2426 Sui-
