1718 2919
292 254 341 294 72
572 241 1323 282 ADNOTATIONES

291 343 383 394 etc.)
422 346 548 384 Varie
576 347 669 384 haec
703 346 1001 384 sollicitantur:
1038 346 1141 383 mihi
1176 346 1407 383 iuncturam
1436 350 1593 384 senten-

291 401 472 449 tiamque
491 403 706 438 absolvunt
732 401 906 438 schedae.
939 401 1111 450 Alioqui
1132 401 1272 438 ordine
1288 414 1428 438 vocum
1450 401 1589 438 inmu-

291 461 373 493 tato
398 455 594 498 α’πωο-μένον
620 455 812 500 πάντων,
844 455 921 494 τότε
947 463 1015 493 etc.
1044 456 1172 505 arripi
1203 462 1406 505 potuerat3
1439 462 1485 493 ut
1512 471 1588 494 om-

290 512 392 548 nibus
428 512 559 548 liberae
589 514 746 548 civitatis
785 511 918 548 iuribus
953 513 1117 561 depulsus
1153 512 1396 548 innueretur
1420 515 1590 562 populus.

289 565 556 616 [probabilem
586 567 687 602 hanc
720 566 1040 603 emendationem
1067 568 1109 602 in
1139 573 1369 604 contextum
1401 567 1590 616 recepisse

288 620 584 669 Schaeferum
614 621 657 657 in
683 625 782 658 Var.
808 624 911 659 Lect.
936 618 1112 672 monui.]
1148 622 1277 659 Maior
1302 622 1520 659 difficultas
1541 621 1588 658 in

288 673 370 714 &iux
396 674 426 714 δὲ
454 678 513 714 καὶ
544 674 619 719 τούς
646 674 765 720 δήμους
795 678 951 718 καῖ-ἔνεμε
982 678 1011 720 ἐς
1038 676 1102 719 τοὶς
1131 675 1267 720 afflig:
1299 676 1378 726 [tin.
1405 691 1449 713 10
1471 672 1586 728 seq·]‚

287 738 396 781 atque
416 734 524 768 etiam
546 733 661 768 decem
680 733 797 768 demos
821 733 1006 768 distribuit
1028 734 1067 768 in
1084 733 1219 778 tribus,
1248 738 1293 768 ut
1317 734 1440 770 Valla.
1471 735 1590 781 Ergo-

288 798 340 822 ne
362 786 495 822 decem
515 787 712 823 duntaxat
731 786 902 823 Athenis
921 783 1045 829 δῆμοιΡ
1080 793 1140 831 et,
1166 787 1198 823 si
1230 787 1388 834 plures,
1409 787 1509 836 quid
1532 788 1590 823 sa-

288 847 399 878 ctum
430 842 545 878 illis?
573 844 703 891 Longe
729 848 863 878 autem
893 853 955 877 eos
982 842 1196 878 denarium
1221 842 1422 878 excessisse
1447 854 1589 878 nume-

287 909 382 933 rum
399 924 409 941 ,
438 897 588 932 indices
607 898 670 934 τῶν
691 894 801 940 δήμων
819 910 841 932 a
860 899 1020 934 Meursio
1040 897 1196 933 collecti
1213 923 1222 941 7
1254 903 1292 933 et
1318 899 1441 946 Sponii
1466 898 1589 935 Corsi-

288 954 407 1000 nique
425 951 638 1001 diligentia
663 951 814 1001 egregie
839 952 946 988 aucti
963 979 973 996 ‚
997 952 1269 988 manifestant.
1310 952 1478 988 Proinde
1509 949 1589 990 δέκκ

287 1008 401 1043 decem
421 1020 499 1044 non
519 1007 596 1043 sibi
619 1006 692 1050 τούς
710 1004 1012 1056 δνῖμαυςρορυῖοε,
1035 1008 1095 1043 sed
1120 1005 1232 1050 Φυλείς
1251 1008 1388 1044 nectit.
1417 1007 1588 1045 Clisthe-

286 1074 354 1098 nes
373 1063 636 1098 Athenienses
655 1059 858 1105 δεκαφύλους
885 1062 978 1099 fecit
991 1089 1000 1106 ‚
1027 1069 1064 1098 et
1084 1063 1126 1097 in
1150 1063 1265 1099 decem
1287 1063 1354 1100 has
1373 1063 1485 1100 tribus
1504 1074 1590 1099 om-

286 1130 354 1155 nes
370 1118 523 1154 Atticos
541 1120 694 1167 populos
715 1116 865 1154 divisit.
900 1117 1018 1154 Vidit
1045 1117 1121 1154 loci
1142 1118 1242 1154 hanc
1262 1118 1501 1154 sententiam
1519 1118 1587 1154 Ed.

288 1174 482 1218 Cor-sinus,
512 1175 654 1210 Fastor.
674 1174 760 1209 Att.
777 1175 818 1209 T.
843 1174 907 1209 III.
933 1186 970 1221 p.
995 1175 1080 1209 128.
1114 1173 1248 1210 WES
1261 1173 1298 1210 S.
1340 1194 1391 1200 —
1433 1175 1588 1220 Nempe

286 1229 488 1265 naturalis
515 1229 730 1264 verborum
759 1227 855 1263 ordo
886 1228 978 1264 talis
1003 1227 1312 1275 concipiendus:
1342 1230 1401 1265 καὶ
1429 1229 1588 1270 κατενέμε

286 1282 359 1326 τούς
385 1280 504 1326 δήμους
532 1284 560 1326 ἐς
587 1282 650 1326 τοὶς
677 1280 756 1320 δέκα
783 1280 908 1326 Φυλοὶς.
942 1283 1174 1320 studiosum
1192 1283 1374 1319 Herodoti
1396 1283 1587 1319 lectorem

286 1337 384 1374 talia
417 1351 497 1374 non
529 1338 746 1374 admodum
776 1338 921 1374 debent
946 1338 1117 1374 morari:
1149 1351 1230 1387 quo
1262 1337 1387 1387 magis
1414 1337 1587 1374 miratus

285 1405 374 1428 sum
393 1420 401 1433 ,
425 1394 547 1430 etiam
563 1392 839 1429 doctissimum
866 1395 1140 1430 Valckenarium
1159 1394 1202 1428 in
1224 1393 1286 1429 his
1306 1392 1492 1436 haesisse3
1517 1404 1587 1429 cu-

284 1447 348 1484 ius
366 1448 457 1485 vide
477 1448 788 1485 Adnotationem
810 1449 992 1496 proxime
1009 1455 1252 1497 sequentem.
1281 1447 1324 1486 S.

346 1517 357 1538 1
375 1517 406 1539 1.
436 1498 472 1544 ἧν
496 1520 550 1546 τε,
577 1505 635 1542 τόν
661 1501 792 1544 δῆμον
819 1500 1053 1555 προσθέμενος)
1080 1505 1191 1552 Quae
1219 1505 1331 1541 Galeo
1349 1502 1502 1558 sincera
1519 1501 1582 1539 vi-

284 1558 478 1603 debatur,
507 1572 586 1595 non
613 1558 783 1595 absurda
813 1565 918 1595 certe
948 1560 1066 1595 lectio
1091 1558 1237 1595 codicis
1257 1559 1374 1595 Arch.
1399 1561 1436 1597 riv
1452 1572 1506 1599 τε,
1527 1559 1584 1605 τῷ

284 1610 366 1654 ἓῆμ
379 1631 402 1660 ῳ
423 1615 651 1662 πρσσθέαενος,
673 1614 793 1661 πολλῷ
812 1612 992 1661 κατύπερθε
1011 1615 1075 1651 τῶν
1095 1613 1401 1655 οἶντιστκσιωτέων,
1421 1623 1584 1649 conver·

285 1667 314 1703 ti
335 1675 507 1715 poterat:
535 1677 699 1718 eratque,
731 1683 809 1703 cum
832 1671 953 1718 populi
977 1683 1013 1705 se
1027 1669 1192 1718 partibus
1211 1670 1454 1711 adiunxisset,
1471 1669 1585 1703 multo

282 1726 445 1772 superior
463 1728 670 1761 contrariae
686 1722 869 1771 factionis
883 1722 1111 1771 fautoribus.
1147 1726 1227 1760 Hoc
1249 1736 1364 1760 sensu
1394 1722 1583 1770 frequen-

284 1785 395 1815 tatur
413 1780 602 1826 προσθέσθαι
627 1781 709 1817 τινίε
740 1790 808 1828 ego
844 1785 976 1815 tamen
1004 1785 1043 1815 et
1066 1779 1131 1815 hic
1154 1779 1359 1828 vulgatam
1388 1776 1583 1825 praefero.

281 1835 390 1870 Dum
418 1835 574 1871 favebat
599 1834 865 1882 optimatibus
894 1834 1086 1882 inprimis
1113 1836 1303 1883 Isagoras,
1333 1831 1586 1869 adversarius

282 1888 325 1924 in
348 1889 669 1926 administranda
696 1889 904 1937 republica
922 1889 1144 1926 Clisthenes
1167 1887 1348 1926 restituit
1368 1886 1495 1935 plebis
1509 1899 1584 1922 au-

281 1944 529 1988 ctoritate1n3
552 1958 674 1993 quam
690 1972 700 1989 ,
726 1945 769 1980 in
792 1944 963 1992 imperio
989 1943 1177 1992 populari
1195 1943 1453 1980 constitutam
1472 1954 1494 1978 a
1514 1941 1582 1978 So-

283 2000 399 2043 lone.
439 1999 666 2036 Pisistratus
700 1999 863 2048 filiique
896 2000 1243 2036 labefactaverant.
1283 1999 1411 2046 Supra
1445 2010 1478 2033 c.
1515 1996 1580 2034 66.

283 2055 506 2092 Clisthenes
531 2054 587 2092 τᾶν
609 2052 710 2096 &ineu
734 2055 1032 2103 προσεταιρίζεταιε
1060 2054 1105 2090 in
1133 2054 1311 2090 eamdem
1337 2051 1580 2088 sententiam

281 2109 403 2146 scribi
424 2109 557 2158 potuit
571 2109 628 2147 τέν
643 2107 743 2151 δῆμον
757 2110 982 2157 προστίθεται,
995 2110 1057 2145 vel
1073 2106 1299 2157 προσάγεται,
1313 2108 1376 2144 vel
1393 2108 1580 2155 προσποιεῖ-

281 2181 338 2201 ται
355 2180 361 2197 :
384 2171 506 2214 atque
522 2165 617 2200 adeo
637 2165 708 2200 hoc
728 2165 813 2200 loco
830 2163 910 2198 dici
926 2190 935 2207 ‚
955 2161 1012 2200 τᾶν
1029 2161 1129 2206 δῆμον
1148 2164 1377 2210 προσθέμενος,
1406 2176 1484 2197 cum
1499 2164 1580 2210 ple·

282 2220 356 2255 bem
379 2234 477 2256 suam
488 2218 661 2266 fecisset,
687 2218 922 2255 adversariis
953 2219 1084 2254 multo
1113 2218 1234 2254 fuisse
1258 2216 1456 2265 superior.
1497 2218 1579 2252 Hoc

280 2274 430 2311 idcirco
458 2275 682 2324 genuinum
708 2274 845 2310 iudico
870 2273 967 2321 quia
992 2273 1255 2309 Herodoteum
1283 2278 1356 2314 est;
1387 2271 1577 2320 προσ-θέσθαι

279 2336 415 2366 autem
440 2333 501 2367 τινὶ
527 2330 634 2379 apud
653 2332 843 2367 Nostrum
875 2334 1032 2364 tantum
1057 2328 1274 2371 dicuntur,
1309 2326 1382 2375 qui
1406 2325 1576 2363 alterius

278 2386 585 2433 adstipulantur
616 2384 849 2422 sententiae.
890 2386 1036 2420 Amicos
1061 2384 1127 2420 sihi
1150 2384 1344 2418 conciliare
1364 2382 1427 2418 vel
1448 2381 1579 2418 adiun-

278 2454 363 2490 gere
385 2442 499 2484 φίλους
523 2441 747 2488 προστίθεσθαι
766 2439 920 2474 dieitur
946 2441 973 2476 I.
999 2439 1061 2475 53.
1080 2438 1185 2474 idem
1206 2443 1263 2473 est
1280 2449 1365 2484 cap.
1390 2436 1452 2473 56.
1479 2449 1581 2483 προσ·-

277 2493 464 2536 micantem
485 2498 614 2539 <etms-3:
641 2495 716 2531 ista
738 2494 818 2531 duo
840 2499 1128 2543 permutantur
1146 2492 1267 2530 etiam
1287 2492 1363 2529 lib.
1381 2492 1445 2528 III.
1462 2503 1495 2527 c.
1512 2497 1579 2537 74.
