1718 2919
296 274 390 313 Ao
433 274 1140 325 HERODOT.V11.8.9.
1298 275 1376 324 269

90 380 261 417 Mercur.
277 389 332 413 vs.
356 377 446 424 570.
469 371 561 417 ἦλθεν
582 377 615 420 ἐς
636 377 853 425 ἡμετέρου
874 375 990 415 dixit.
1022 378 1205 425 Quarum
1228 375 1380 412 formu-

90 433 225 469 larum
255 432 498 467 mentionem
521 431 563 466 in
592 431 888 468 Additamentis
911 432 958 467 ad
980 432 1079 468 Bosii
1103 432 1270 479 Ellipses
1293 443 1381 479 pag.

95 487 186 532 345.
207 487 352 523 faciens
372 484 585 534 Schaeferus
598 515 609 530 ‚
628 483 763 535 (idem
779 486 858 523 Vir
875 486 1032 530 doctus,
1054 486 1125 534 qui
1144 486 1185 521 in
1203 487 1385 522 Herodoti

94 541 280 579 Editione
300 547 472 590 utroque
491 542 576 577 loco
595 543 836 588 scripturam
866 541 892 577 ἐν
922 540 1074 588 ἡμετέρου
1105 540 1294 576 intactam
1323 552 1383 576 re-

92 592 273 646 liquit,)
290 596 476 644 „quibus
496 596 692 632 machinis
707 622 717 641 ,
745 595 822 639 ait,
848 595 1046 642 permirae
1065 595 1162 630 huic
1184 594 1383 631 locutioni

93 662 229 687 sensus
248 650 469 687 eliciendus
484 651 559 695 sit,
584 650 740 700 Ilgenius
760 650 870 686 docet
887 650 935 685 ad
956 652 1102 697 Hymn.
1119 651 1275 687 Homer.
1298 662 1384 698 pag.

90 706 215 751 443.“
240 707 324 753 Ipse
340 717 431 741 vero
448 703 659 752 Schaeferus
678 705 903 740 doctissimo
924 705 1108 754 Corayo
1133 716 1171 740 se
1188 703 1383 740 adsentiri

91 761 324 808 profitetur,
358 760 401 795 in
428 760 540 797 Notis
568 760 616 795 ad
640 761 829 796 Heliodor.
857 772 894 807 p.
930 771 1001 809 199
1033 771 1111 807 seq.
1139 759 1384 806 scripturam

93 815 209 851 istam
224 841 234 858 ,
255 815 282 851 ἐν
305 821 376 851 aut
402 815 429 858 ἐς
453 813 684 862 ἡμετέρου,
720 815 967 862 ubicumque
995 814 1243 862 reperiatur,
1264 813 1384 849 vitio-

94 882 176 906 sam
196 868 407 905 iudicanti.
438 869 594 916 Quibus
611 881 678 918 ego
691 869 804 906 Viris
823 869 1061 905 doctissimis
1075 869 1192 904 facile
1213 868 1384 917 largior,

92 924 136 960 in
152 923 213 960 his
226 924 373 960 talibus
386 923 656 959 locutionibus
670 924 773 959 haud
787 924 975 972 adparere
990 923 1192 971 quodnam
1203 924 1386 959 substan-

97 979 226 1016 tivum
248 991 393 1015 nomen
417 978 464 1014 ad
484 978 726 1014 adiectivum
753 978 907 1025 ἡμετέρου
932 978 1185 1027 subintelligi
1213 990 1387 1014 commo-

94 1034 143 1070 de
163 1033 295 1081 possit.
325 1033 457 1070 Simul
483 1045 575 1070 vero
594 1039 632 1069 et
652 1033 778 1077 illud,
805 1033 1007 1081 primum,
1032 1033 1155 1070 velim
1186 1032 1386 1081 reputari,

96 1088 229 1125 nihilo
249 1088 371 1137 magis
391 1088 580 1135 adparere
596 1094 668 1124 aut
684 1087 860 1137 intelligi
886 1099 1015 1135 posse,
1037 1101 1115 1136 qua
1138 1101 1267 1124 caussa
1287 1099 1386 1136 quo-

95 1155 141 1181 ve
160 1155 249 1179 casu
278 1143 426 1179 factum
454 1143 526 1187 sit,
557 1148 602 1178 ut
633 1156 702 1190 pro
733 1155 799 1186 eo,
831 1143 936 1190 quod
967 1143 1010 1178 in
1043 1149 1204 1191 promtu
1232 1143 1386 1186 fuerat,

97 1199 125 1236 ἓν
146 1197 309 1245 ἡμετέρῳ,
337 1197 424 1234 scil.
445 1196 542 1244 οἴκῳ,
574 1198 602 1234 ἐν
621 1197 776 1245 ἡμετέρῃ,
807 1198 893 1233 scil.
915 1196 1028 1245 χώρῃ,
1056 1198 1084 1239 ἐς
1107 1196 1277 1245 ἡμέτερον,
1299 1197 1387 1233 scil.

95 1249 195 1294 δόμον
213 1253 274 1289 vel
296 1249 405 1294 δόμοι,
432 1264 511 1287 non
537 1265 617 1287 uno
636 1253 741 1296 loco,
761 1252 824 1287 sed
847 1252 1066 1300 pluribus
1058 1265 1100 1287 111
1121 1258 1299 1288 veterum
1316 1265 1389 1288 au-

94 1312 250 1343 ctorum
274 1307 391 1351 locis,
424 1307 580 1354 probati
612 1307 800 1354 alioquin
826 1307 975 1343 codices
999 1304 1121 1358 (vide
1144 1309 1234 1343 Var.
1252 1309 1353 1343 Lect.
1367 1302 1388 1356 )

94 1361 139 1397 in
167 1361 312 1397 miram
348 1361 465 1398 istam
498 1362 739 1409 scripturam
770 1362 797 1398 ἐν
831 1363 1008 1409 ἡμετέρου,
1039 1363 1067 1403 ἐς
1096 1361 1269 1409 ἡμετέρου,
1297 1374 1389 1398 con-

91 1416 280 1453 sentiant.
317 1416 471 1452 Deinde
494 1417 658 1466 cogitari
685 1416 833 1460 velim,
863 1430 984 1464 quam
1015 1417 1167 1452 multae
1188 1418 1389 1464 reperian-

95 1472 229 1508 turin
259 1471 443 1507 omnium
476 1473 720 1519 populorum
752 1471 906 1520 linguis
936 1471 1127 1519 loquendi
1164 1471 1388 1517 formulae,

94 1527 262 1575 quibus,
281 1527 542 1575 quantumvis
559 1539 650 1562 cum
671 1527 796 1561 iustae
812 1533 1015 1573 syntaxeos
1032 1525 1180 1575 regulis
1198 1532 1387 1575 pugnent,

91 1596 172 1618 usus
202 1588 332 1617 tamen
347 1608 357 1626 ,
378 1595 475 1630 quem
490 1596 597 1630 penes
616 1582 806 1617 arbitrium
831 1588 883 1617 est·
907 1588 942 1617 et
965 1583 1018 1617 ius
1040 1588 1074 1616 et
1099 1594 1225 1617 norma
1245 1584 1390 1631 loquen-

92 1637 156 1682 di,
189 1635 468 1672 auctoritatem
508 1635 752 1672 conciliavit.
811 1637 899 1683 Quo
933 1635 1057 1685 magis
1095 1638 1390 1674 Wsssmm-

94 1704 222 1728 cium
256 1691 442 1738 probavi,
472 1691 519 1726 ad
543 1691 676 1726 eadem
707 1691 824 1727 verba
855 1692 882 1727 ἐν
905 1689 1057 1738 ἡμετέρου
1087 1691 1180 1726 haec
1198 1691 1391 1727 adnotan-

90 1752 194 1782 tem:
224 1745 508 1790 „Temeritatis
542 1746 662 1789 foret,
692 1746 735 1780 in
765 1745 924 1792 scriptis
956 1747 1131 1795 Dionysii
1158 1751 1197 1782 et
1226 1747 1393 1782 Herodo-

90 1803 160 1837 teis
187 1807 340 1837 exstans
362 1812 558 1848 respuere.
587 1801 692 1837 Vide
715 1801 786 1836 lib.
810 1802 838 1836 Ι.
860 1812 892 1835 c.
920 1799 1018 1839 35st
1048 1798 1094 1837 S.

155 1855 202 1892 56
233 1869 305 1904 seq.
335 1856 389 1892 ‘lvx
414 1853 443 1892 δὲ
473 1854 521 1896 ,uri
557 1853 774 1893 ἶδισβσυλεύειν
810 1854 888 1896 ὑμῖν
917 1851 1041 1897 δοκέω,
1070 1852 1167 1901 etc.)
1202 1857 1269 1891 Est
1296 1855 1391 1892 haee

100 1909 246 1946 ultima
274 1912 407 1946 Xerxis
439 1910 565 1946 oratio
586 1910 716 1946 verbis
746 1909 788 1944 in
819 1909 987 1956 speciem
1014 1910 1231 1945 lenissimis
1257 1919 1393 1946 conce·

99 1971 188 2012 pta;
215 1964 560 2014 arrogantissima,
585 1977 706 2012 quam
728 1964 822 2012 Regi
848 1964 996 2000 tribuit
1018 1966 1183 2001 Valerius
1203 1968 1307 2001 Max.
1326 1967 1392 2002 IX.

96 2031 132 2055 c.
152 2020 208 2063 5.‚
228 2019 296 2055 ubi
310 2047 319 2065 ,
344 2020 526 2058 Graeciae
538 2021 693 2054 bellum
717 2019 966 2063 indicturus,
983 2019 1102 2055 Asiae
1117 2020 1392 2067 principibus:

97 2075 157 2112 Ne
171 2075 330 2120 viderer,
358 2074 521 2122 inquit,
545 2089 617 2110 meo
643 2075 887 2110 tantummodo
921 2088 1002 2110 usus
1029 2077 1202 2119 consilio,
1231 2072 1395 2123 (ἰδιοβου-

100 2127 231 2177 λεύων)
259 2143 321 2165 vos
341 2132 509 2165 contraxi
526 2145 536 2163 .·
569 2137 721 2165 ceterum
751 2136 957 2165 mementote
972 2131 1172 2177 parendum
1200 2131 1314 2178 magis
1334 2143 1396 2165 vo·

100 2181 151 2217 bis
177 2196 271 2228 esse,
299 2198 403 2233 quam
421 2186 651 2220 suadendum.
668 2186 822 2221 VALC
838 2186 885 2220 K.
907 2203 958 2210 —
987 2186 1135 2220 Xerxes
1162 2185 1255 2220 haec
1285 2196 1396 2231 pero-

105 2248 218 2281 rans,
239 2235 377 2281 amatim
402 2241 463 2275 καὶ
490 2237 704 2281 mamalum-v
720 2264 731 2280 ‚
755 2239 892 2286 quales
916 2238 959 2273 in
977 2240 1149 2289 Dionysii
1165 2240 1263 2276 Ant.
1279 2240 1396 2275 Rom.

104 2292 150 2328 11.
181 2304 218 2339 p.
249 2293 308 2328 86.
332 2305 438 2342 reges
458 2294 615 2341 plures,
640 2293 768 2329 videri
800 2306 880 2328 non
906 2294 1014 2335 vult;
1047 2306 1181 2342 reapse
1197 2297 1398 2343 parendum

106 2348 222 2394 magis
243 2360 347 2395 quam
377 2350 616 2398 suadendum,
644 2354 689 2384 ut
712 2348 917 2384 verissime
951 2350 1117 2385 Valerius
1150 2350 1218 2385 IX.
1248 2349 1307 2393 5.,
1334 2349 1398 2384 in-

103 2412 244 2436 nuens.
272 2403 444 2440 WESS.

147 2467 152 2471 ”
215 2453 359 2494 CAP.
375 2454 460 2495 IX.
484 2458 519 2494 5.
544 2455 783 2500 κκταγελοῖσαι
810 2453 938 2503 ὑμῖν)
963 2456 1100 2493 Plures
1124 2456 1156 2492 si
1179 2456 1302 2501 ὑμῶν
1325 2461 1398 2493 aut

98 2508 235 2552 ὑμέων
269 2522 361 2560 prae
381 2524 418 2548 se
438 2512 610 2557 ferrent,
637 2524 710 2560 pro
734 2512 904 2549 reiiculo
924 2523 1005 2547 non
1030 2511 1231 2549 haberem.
1268 2513 1395 2559 Supra
