1718 2919
365 263 462 304 AD
508 263 1024 304 HERODOT V1.
1054 264 1163 303 3-8.
1356 263 1426 311 137

254 363 398 406 CAP.
418 365 532 405 VII.
551 368 585 403 3.
611 365 761 410 ἔπεμπον
784 364 1091 414 προβούλους)
1113 363 1259 402 Docuit
1277 376 1324 400 ex
1342 363 1433 400 Phi-

144 422 306 470 losopho
327 421 467 469 (Polit.
491 425 558 459 IV.
584 422 667 467 14.)
688 423 872 465 Budaeus,
896 420 1093 468 προβούλους
1110 421 1150 456 in
1177 420 1362 456 Graeciae
1380 419 1433 454 ci-

143 477 337 515 vitatibus
368 478 508 521 fuisse,
537 478 595 526 qui
621 484 706 513 ante
728 478 849 513 ,sedulo
872 478 1137 519 consultarent,
1168 488 1274 524 quarn
1296 475 1344 510 ad
1366 487 1433 522 po-

140 535 262 581 pulum
291 532 521 568 deliberanda
545 529 789 579 referrentur5
817 537 937 579 atque
968 530 1060 565 inde
1093 529 1262 566 Athenis
1297 530 1434 575 προβου-

145 585 266 632 λεύειν,
293 585 593 633 προβουλεύματα,
616 586 722 634 apud
746 587 948 629 Oratores,
972 586 1264 628 Demosthenem,
1283 583 1437 620 Aeschi-

145 655 244 685 nem,
273 643 447 692 Lysiam,
486 641 636 689 quibus
662 647 782 689 atque
813 641 1100 689 Harpocrationi
1135 640 1324 675 molestus
1353 648 1432 672 non

146 709 249 732 sum.
282 694 464 742 Πρόβουλοι
489 696 553 731 hic
577 691 671 732 sunt
695 698 828 745 legati,
848 697 897 731 ad
918 709 1089 731 conrnune
1112 695 1236 730 Ionum
1257 694 1297 729 de
1315 693 1435 741 gentis

145 754 261 787 salute
287 753 486 786 consultum
515 753 634 796 missi⁷
665 750 725 786 uti
754 751 826 787 lib.
854 753 881 786 J.
917 763 1003 796 170.
1042 750 1153 785 Tales
1172 746 1349 796 πρόβουλοι
1375 747 1434 788 τνῖς

143 802 323 847 Ἐλλοίδος,
346 804 474 840 simili
494 818 626 842 caussa
647 805 695 841 ad
713 806 908 841 Isthmum
926 804 1035 840 missi
1054 804 1128 842 lib.
1149 805 1235 841 VH.
1258 815 1343 850 172.
1372 800 1436 836 in-

145 859 231 895 dice
249 860 374 896 Porto.
403 861 580 898 WVESS.

199 913 290 950 Ibid.
318 912 467 957 ἔπεμπον
488 913 686 962 προβούλους
704 936 720 942 -
739 935 755 943 -
775 915 802 957 ἔς
822 921 890 953 Hoc
903 912 971 951 νιώ
984 930 1015 951 νι
1028 930 1040 950 ο
1054 930 1067 950 ν
1085 911 1097 961 )
1125 914 1183 950 De
1203 926 1277 950 XII.
1301 910 1435 948 Ioniae

144 968 374 1005 civitatibus
395 969 602 1006 foederatis
626 975 711 1006 octo
732 975 890 1006 tantum
910 969 956 1005 ad
985 968 1092 1004 illud
1113 979 1326 1005 commune
1345 978 1436 1015 gen-

146 1023 196 1059 tis
219 1023 437 1060 concilium
457 1037 546 1060 suos
576 1026 647 1060 hoc
675 1031 851 1073 tempore
876 1024 1028 1060 misisse
1055 1023 1246 1060 videntur
1273 1023 1437 1071 legatos,

144 1078 192 1114 de
213 1090 254 1114 re
275 1091 430 1114 summa
449 1080 760 1121 consultatur053
793 1079 957 1116 totidem
978 1079 1086 1114 enim
1110 1084 1267 1114 tantum
1289 1088 1438 1113 memo-

145 1138 290 1169 rantur
311 1146 395 1181 cap.
414 1146 493 1182 seq.
518 1147 620 1182 quae
642 1147 713 1182 pro
731 1135 813 1170 suis
840 1146 1022 1183 quaeque
1045 1133 1202 1170 viribus
1228 1144 1343 1169 naves
1370 1130 1437 1166 ad-

144 1199 278 1224 versus
305 1190 433 1225 Persas
460 1189 738 1226 instruxerint.
772 1192 927 1225 Praeter
955 1189 1045 1224 istas
1074 1188 1117 1224 in
1143 1186 1317 1227 Ποινιώνιον
1345 1198 1437 1222 con-

143 1242 282 1279 venire
305 1250 513 1280 sueverant
535 1245 717 1292 Ephesii,
745 1243 984 1292 Colophonii
999 1270 1008 1288 a
1034 1243 1214 1286 Lebedii,
1243 1248 1282 1278 et
1305 1242 1436 1278 Clazo-

143 1297 284 1334 menii.
312 1299 604 1335 Recensetistas
623 1299 831 1335 duodecim
853 1299 1031 1335 civitates
1052 1299 1189 1335 Herod.
1212 1297 1284 1332 lib.
1306 1299 1333 1333 Ι.
1350 1309 1434 1344 cap.

150 1361 257 1397 142„
281 1365 383 1401 quae
401 1355 448 1390 de
467 1354 594 1403 gentis
613 1354 776 1391 nomine
794 1355 992 1401 templum
1015 1352 1252 1391 Πανιώνιον
1279 1351 1436 1387 dictum

143 1407 417 1454 condiderint,
444 1409 560 1445 cuius
584 1410 645 1445 sui
667 1409 820 1458 generis
845 1409 946 1445 alios
974 1409 1110 1444 nullos
1133 1407 1339 1444 voluerint
1358 1418 1437 1442 esse

144 1462 357 1511 participes
374 1480 381 1497 z
408 1464 499 1500 vide
519 1465 627 1501 Clar.
645 1466 871 1514 I‘Vesseling.
898 1464 945 1500 ad
966 1464 1119 1500 Diodori
1147 1462 1220 1499 lib.
1241 1464 1331 1498 XV.
1351 1474 1436 1508 cap.

142 1525 210 1568 49.
240 1519 393 1554 Praeter
407 1526 552 1555 ceteros
573 1521 635 1557 τοῦ
653 1522 829 1558 Πανιωνίου
846 1519 1121 1555 meminerunt
1136 1519 1291 1566 Diogen.
1311 1518 1437 1554 Laiirt.

143 1574 174 1610 I.
193 1581 257 1617 4ο.
286 1574 444 1610 Ραιιεαη.
464 1577 548 1611 VII.
578 1572 686 1623 [cap.
710 1575 747 1611 5.
766 1582 805 1610 et
824 1571 887 1624 4.]
916 1588 953 1622 p.
979 1575 1068 1623 529·
1097 1574 1186 1610 552.
1216 1574 1321 1608 Mas.
1344 1574 1436 1622 Tyr.

144 1629 306 1664 XXVII.
336 1640 371 1664 2.
401 1629 482 1666 vid.
515 1630 697 1677 Append.
737 1631 859 1666 Vatic.
891 1631 1000 1666 Prov.
1031 1631 1077 1666 ΙΙ.
1111 1629 1177 1672 45.
1206 1634 1245 1664 et
1274 1629 1344 1665 IV.
1375 1640 1434 1662 11.

145 1684 357 1720 YALCK.

202 1751 238 1787 9.
267 1738 295 1781 ἔς
321 1735 489 1786 Λοέδκν)
516 1739 693 1776 Insulam
721 1740 883 1783 Latiam,
914 1751 935 1775 e
965 1738 1123 1787 regione
1150 1736 1280 1774 Mileti
1307 1736 1436 1773 iacen-

145 1797 223 1828 tem
237 1819 247 1837 ,
277 1794 436 1830 Gronov.
460 1794 507 1830 ad
527 1796 681 1831 Art-ian.
699 1793 816 1835 Ἀναβ.
839 1794 913 1830 lib.
932 1795 962 1831 Ι.
988 1807 1048 1844 19.
1072 1793 1183 1828 docte
1206 1792 1435 1829 declaravit.

253 1900 397 1941 CAP.
435 1901 577 1942 VIII·
610 1904 645 1940 3.
669 1904 805 1941 Αἰολέων
831 1904 859 1941 οἷ
888 1905 1058 1943 Λέσβον
1087 1899 1262 1949 νέμονται)
1294 1903 1437 1938 Posses-

143 1956 294 1994 sionem
310 1958 467 1995 tandem
486 1959 741 2007 reciperavit,
759 1959 863 2007 quod
881 1958 920 1995 vi
942 1958 1140 1997 deiectum
1159 1957 1302 1993 fuerat.
1328 1955 1438 1993 Ferri

144 2025 225 2049 non
259 2020 423 2060 possunt
451 2015 597 2056 Αἰολεῖς,
639 2012 707 2052 ἶσοι
731 2014 807 2054 τῆν
837 2010 1024 2051 Αἶολίὲα
1052 2013 1131 2055 *lviv
1161 2013 1320 2055 νέμονται.
1356 2011 1435 2048 Cui

143 2069 253 2104 enim
275 2069 378 2104 bono
399 2068 489 2105 talis
517 2068 777 2105 Aeolensium
803 2067 1050 2118 designatio?
1075 2072 1114 2102 et
1133 2079 1206 2102 cur
1227 2066 1337 2102 nulli
1367 2079 1437 2103 no-

144 2123 332 2159 minatim
359 2124 569 2160 Aeolenses
594 2124 638 2160 in
662 2123 862 2160 sociorum
888 2124 1089 2172 catalogo?
1118 2124 1266 2159 Contra
1293 2133 1336 2157 ea
1365 2128 1438 2159 Φω-

145 2178 248 2214 καιέων
268 2175 298 2215 δὲ
317 2178 440 2222 εἴχοντο
468 2180 637 2218 Λέσβιοι
665 2180 752 2219 νηυσὶ
781 2175 1026 2220 &geminavi-ot:
1059 2176 1209 2225 quibus
1230 2176 1436 2212 inconmo-

144 2231 192 2267 da
224 2232 365 2280 utique
393 2233 530 2277 statio,
566 2233 609 2268 ni
646 2233 855 2269 reductum
882 2233 1025 2269 valeat.
1069 2234 1240 2269 Aeolicae
1272 2233 1438 2268 civitates

143 2287 248 2322 aliae
277 2286 321 2322 in
348 2288 596 2333 continente,
624 2288 820 2324 insulares
838 2288 963 2331 aliae,
992 2292 1031 2323 et
1052 2287 1160 2322 inter
1187 2286 1255 2322 has
1281 2287 1435 2329 Ledus,

143 2342 217 2377 lib.
236 2344 264 2378 I.
288 2342 374 2378 151.
411 2344 533 2392 steph.
552 2344 640 2395 Byz.
674 2343 717 2378 in
750 2344 868 2381 Αἷολίοι
895 2342 1118 2386 verissime,
1149 2342 1301 2383 λέγονται
1322 2343 1380 2378 καὶ
1407 2340 1436 2377 οἷ

144 2395 200 2437 τήν
230 2397 385 2437 Λέσβον
411 2398 567 2440 οἰκοῦντες
598 2398 777 2441 Αἰολεῖς.
818 2398 881 2434 Cl.
899 2398 940 2433 de
963 2398 1098 2441 Ραιιιυ,
1120 2396 1236 2432 cuius
1258 2408 1330 2443 par
1347 2395 1434 2443 opi-

143 2451 234 2496 nio,
264 2451 384 2487 fuisse
402 2452 500 2488 olim
521 2452 764 2501 quibusdam
787 2451 831 2487 in
853 2451 1020 2496 schedis,
1052 2448 1121 2489 ἔσοι
1143 2451 1206 2486 vel
1226 2449 1254 2488 οἳ
1274 2449 1332 2490 τήν
1352 2457 1434 2487 Λεσ-

141 2503 219 2546 βίὸοι
242 2507 304 2548 γῆν
324 2508 491 2549 νέμονται,
526 2513 646 2556 atque
675 2507 770 2544 inde
795 2512 1006 2555 corruptae
1033 2505 1255 2553 scripturae
1283 2505 1433 2541 natales

139 2561 374 2598 arbitratur.
402 2563 589 2606 WESS.
