1718 2919
392 250 486 290 AD
528 250 931 290 HERODOT.
968 250 1021 291 V.
1066 254 1127 292 18.
1359 253 1406 292 15

112 356 257 393 Dinone
285 354 418 391 forsan
451 355 559 391 solus
594 354 762 391 tradidit
779 357 954 392 Aelianus
979 355 1187 391 Var.Hist.
1216 356 1300 392 XII.
1320 368 1352 393 e.
1375 369 1410 395 1.

115 410 187 446 ubi
207 409 288 446 vid.
310 423 349 458 p.
370 422 462 457 712.
496 408 582 457 Οἵνῳ
611 411 793 457 χρωμὲνευς
820 411 974 447 ἐπιπλέον
996 411 1055 446 καὶ
1080 406 1285 453 διαπίνοντας
1304 411 1410 448 dixit

113 465 302 502 Plutarch.
321 464 365 500 in
381 465 558 512 Sympos.
584 477 621 512 p.
644 464 735 511 715.
763 464 879 500 cuius
905 463 1088 500 eruditus
1117 463 1314 512 interpres
1335 466 1408 503 ista

114 521 157 556 Τ.
186 522 235 557 II·
268 532 305 567 p.
337 520 399 557 58.
428 535 462 557 Ε.
499 517 625 557 διαθέων
652 517 733 567 πρδς
759 515 988 567 Ἀλέξανδρον,
1027 523 1130 555 recte
1160 519 1408 567 reddiderat,

115 587 221 612 cursu
249 587 328 610 cum
354 575 565 612 Alexandro
592 580 749 610 certans.
792 576 949 610 Praeter
977 572 1052 609 illa
1081 585 1184 622 quae
1211 574 1409 613 dederunt

115 632 266 666 Kustcr.
295 629 341 665 in
370 630 564 678 Aristoph.
589 631 662 676 Eq.
690 641 745 665 vs-
774 638 888 673 1400.
925 629 970 663 T.
995 629 1200 666 Hemsterh.
1239 630 1410 669 Miscell.

119 684 212 724 obs.
232 687 286 722 V.
307 685 344 721 3.
366 698 404 733 p.
426 686 489 722 53.
514 689 553 720 et
571 683 748 721 Abresch.
772 684 856 720 Dil.
877 683 1001 719 Thuc.
1022 697 1059 731 p.
1078 684 1172 729 457.
1191 683 1409 721 inveniun‘-

118 743 188 775 tur
215 739 338 776 huius
367 739 520 788 generis
545 739 687 783 verba,
715 737 941 776 διαπαλαίειν·
979 735 1237 776 ἓιαπυκτεῦσαι·
1265 736 1409 782 διαπλη-

117 794 296 840 κτίζεσθαι·
326 792 591 838 &discit-mim·
623 790 867 841 διαριπίξεσθαι·
904 789 1216 834 διαφιλοτιμεῖσθαι.
1254 796 1298 830 In
1330 796 1410 832 Iso-

116 855 212 885 crat.
236 850 451 886 Panathen.
480 862 520 897 p.
542 848 632 884 266.
658 862 694 885 1).
723 845 793 885 οὐδὲ
815 848 867 885 νῦν
887 847 923 884 αἱ
952 848 1111 889 μέγισται
1132 848 1195 885 τῶν
1215 847 1408 889 Ἐλληνίδων

117 901 246 942 πόλεων
278 903 492 950 αἶτχύνονται
523 900 839 945 διακολακευόμεναι
874 899 956 948 ‘necis'
991 899 1049 938 τᾶν
1087 902 1203 940 ἐκείνου
1239 905 1405 948 πλοῖίτον,

118 959 302 996 adulando
332 966 522 996 certantes.
565 954 827 1005 διαλοιδορέεσθαι
856 956 974 991 habet
998 957 1137 994 Herod.
1175 958 1220 993 II.
1251 971 1339 996 121.
1370 965 1410 997 et

118 1009 394 1060 διαναυμαχέειν,
418 1015 522 1052 VIII.
539 1013 603 1048 65.
630 1015 668 1048 V
671 1014 782 1048 ALC
796 1014 844 1048 K.

123 1088 127 1091 v
177 1080 238 1117 19.
277 1069 424 1106 α’ντίαι
450 1063 582 1117 ἵζοντο)
625 1067 726 1104 Satis
757 1066 884 1104 οἷντία
911 1071 1160 1113 protectum,
1190 1067 1306 1104 modo
1339 1081 1410 1117 per

117 1122 266 1159 codices
292 1123 482 1160 licuisset.
512 1122 743 1159 Admissum
774 1120 939 1165 redibit,
968 1134 1048 1156 non
1073 1121 1160 1157 sine
1184 1128 1411 1161 controver-

52 1221 59 1229 Ι
116 1176 174 1214 sia
187 1206 198 1223 ,
214 1179 349 1215 statim
364 1205 374 1223 ,
395 1185 433 1215 et
449 1177 550 1224 ἰ’ξοντῡ
574 1176 677 1215 οἷντίοι
698 1176 770 1212 lib.
787 1178 855 1213 VI.
878 1189 942 1223 77.
971 1174 1106 1221 ἱξόμεθα
1130 1175 1233 1215 α’ντίοι
1252 1178 1326 1215 lib.
1341 1181 1409 1218 IX.

119 1233 184 1269 26.
213 1231 316 1271 α’ντίοι
337 1235 502 1276 σταθέντες
522 1233 646 1281 Eurip.
664 1233 791 1268 Orest.
814 1244 870 1267 vs.
893 1240 962 1276 147
972 1244 1007 1280 9.
1028 1237 1067 1266 et
1085 1232 1244 1279 passim.
1280 1234 1410 1269 Dubi-

117 1291 173 1324 tes
192 1300 301 1334 vero,
322 1288 610 1325 reiiculum-ne
630 1285 839 1329 κελευόμενκι
859 1286 974 1323 Arch.
998 1292 1037 1321 et
1058 1287 1188 1323 Vallae
1205 1288 1275 1324 sit:
1303 1303 1410 1326 voca—

115 1348 176 1379 tae
194 1349 410 1389 venerunt,
436 1343 501 1380 sed
531 1345 667 1387 iussae,
693 1341 741 1378 ad
773 1353 856 1377 rem
881 1341 1062 1377 moribus
1090 1342 1217 1391 gentis
1248 1349 1408 1392 turpem

116 1403 156 1434 et
174 1397 388 1436 insuetam.
416 1399 595 1436 WESS.

175 1453 239 1490 23.
269 1453 384 1496 οἷντίας
403 1451 547 1502 ἵξεσθαι)
577 1451 841 1489 Herodoteum
872 1453 1033 1499 praebet
1050 1452 1167 1490 Arch.
1197 1451 1327 1491 α’ντία
1349 1455 1411 1501 ἵζε.

116 1509 202 1546 σθαι.
238 1510 341 1559 Quae
368 1508 633 1556 spectantium
658 1519 706 1543 ex
735 1508 894 1543 adverso
917 1509 1121 1544 cruciarent
1149 1510 1294 1552 oculos,
1321 1522 1412 1546 mu-

114 1561 234 1599 lieres
270 1563 536 1600 Macedonicas
568 1562 714 1612 frigide
743 1562 874 1599 vocari
911 1558 1002 1613 [lin.
1025 1558 1115 1611 24.]
1158 1559 1412 1609 α’λγῃδόνοις

119 1615 372 1661 ὄφθαλμῶν,
410 1620 591 1654 Herodoti
618 1617 772 1653 iudicat
798 1616 1019 1654 admirator
1042 1619 1231 1666 Longinus
1256 1633 1296 1653 π.
1321 1618 1410 1664 ‘Tun

117 1672 188 1709 IV.
214 1685 226 1707 1
239 1684 274 1708 2.
304 1673 418 1718 [sect.
454 1682 476 1717 4
507 1680 605 1710 extr.
648 1672 718 1707 ubi
751 1678 881 1707 tamen
914 1671 1055 1708 adiicit
1087 1671 1385 1710 exeusationem
1399 1700 1410 1720 ‚

116 1726 223 1775 quod
245 1726 418 1765 barbaros
448 1730 500 1764 sic
518 1731 698 1778 loquentes
728 1726 887 1762 inducit
914 1723 1129 1776 Serimon]
1160 1726 1269 1774 Quid
1291 1728 1413 1774 potis-

115 1781 267 1818 simum
285 1783 534 1830 culpandum
555 1781 772 1827 censuerit,
800 1781 911 1817 docet
928 1783 996 1819 Za.
1014 1782 1161 1820 Pearce.
1195 1783 1411 1829 Compara-

115 1835 177 1873 vit
192 1836 301 1872 illud
320 1838 394 1874 Ios.
412 1840 574 1888 Scaliger
595 1837 643 1873 ad
662 1839 843 1885 Propertii
863 1838 909 1873 II.
929 1838 990 1874 El.
1011 1850 1099 1882 tux,
1118 1838 1182 1884 76.
1227 1837 1412 1888 Quantum

115 1892 168 1929 sic
188 1894 326 1928 cruciat
345 1895 482 1930 lumina
495 1900 617 1931 vestra
638 1894 740 1929 dolor
753 1891 772 1927 Ρ
803 1892 956 1928 VALC
968 1894 1018 1928 K.

172 1955 237 1992 24.
266 1946 516 1992 α’λγκδᾶνας
537 1957 596 1991 σφι
623 1947 736 1989 dota
748 1957 804 1989 λμ.
817 1941 896 1996 ὢν)
927 1945 1064 1984 Fluxit
1083 1945 1155 1982 hoc
1175 1946 1284 1984 fonte
1302 1948 1410 1985 istud

117 2001 339 2039 Alexandri
364 2002 405 2046 ὥς
423 2004 498 2041 εἰσὶν
521 2003 607 2044 dm»
621 2020 638 2043 κ
652 1999 765 2044 δόνες
792 1999 1002 2044 ἆμμοίτων
1031 2002 1066 2038 αἱ
1089 1999 1256 2049 Περσίδες,
1276 2003 1320 2038 in
1337 2005 1412 2040 Re-

116 2056 174 2106 gis
192 2056 289 2094 Vita
309 2057 416 2105 apud
430 2058 619 2095 Plutarch.
640 2069 678 2105 p.
699 2057 774 2103 676
798 2070 831 2092 r.
859 2058 1020 2106 Longini
1040 2062 1239 2092 taxantem
1264 2058 1411 2096 horum

115 2123 347 2157 censuram,
367 2114 567 2161 explosam
589 2125 611 2148 a
628 2113 705 2149 Pet.
729 2113 913 2156 Ifictorio,
932 2111 1070 2156 Fabm,
1096 2113 1130 2147 T
1130 2113 1236 2158 ollio,
1269 2113 1412 2151 Grono-

115 2168 193 2212 vio,
218 2179 298 2203 non
319 2180 466 2206 moror.
512 2168 691 2204 Herodoti
708 2166 925 2202 dictionem
950 2166 1086 2216 attigit
1115 2167 1305 2212 olearias,
1332 2169 1412 2205 col-

117 2221 200 2258 lato
226 2222 321 2258 Isaei
350 2223 533 2259 Rhetoris
555 2223 699 2266 verbo,
729 2234 810 2269 quo
831 2222 1021 2271 rogitanti
1044 2220 1202 2266 Ardui‚
1233 2222 1258 2258 εἷ
1279 2223 1299 2264 ἦ
1325 2220 1411 2261 δεῖνα

119 2275 215 2325 αὐτῷ
236 2276 326 2318 noemi
345 2281 512 2322 Φαίνοιτο,
533 2275 819 2314 modestissime
843 2274 964 2325 (μα’λκ
985 2273 1168 2324 σοφρᾶνως)
1190 2277 1411 2324 respondit,

118 2332 298 2373 πέπαυμαι
327 2331 545 2375 ὅφθαλμιῶντ
575 2333 614 2368 h.
631 2344 684 2376 e.,
712 2331 825 2367 docto
855 2331 944 2368 viro
973 2330 1211 2378 interprete,
1232 2336 1414 2370 oculorum

115 2398 153 2421 se
173 2385 292 2422 morbo
312 2387 480 2424 laborare
504 2389 661 2424 desiisse.
690 2389 846 2423 Verum
875 2385 1005 2421 simili
1027 2385 1071 2420 in
1100 2385 1256 2435 negotio
1284 2387 1416 2431 ὀφθαλ-

116 2440 200 2488 μιξῖν
238 2446 278 2476 et
317 2442 552 2490 ἔποφθαλμιςῖυ
587 2443 770 2478 vehemens
810 2441 1021 2477 desiderium
1062 2441 1292 2488 explicant,
1333 2442 1416 2479 sive

117 2492 289 2538 ἐπιθυμίαν
312 2497 378 2534 τῶν
411 2496 595 2541 ὀφθαλμῶν
623 2509 670 2534 ex
700 2499 737 2533 S.
754 2496 905 2534 Ioannis
926 2495 1102 2543 Epistola
1129 2495 1320 2544 primori.,
1350 2495 1415 2535 Sic
