1718 2919
260 224 357 263 AD
401 222 1175 265 HERODOT.V111.32.33.
1302 237 1373 275 107

88 328 202 370 ¹fero3
219 329 444 374 Τιίἢονεαιη,
462 340 564 377 quae
577 329 682 365 Neon
697 328 919 377 quondam,
936 327 980 363 in
999 338 1042 363 eo
1059 328 1240 364 locantes.
1269 328 1380 363 Prae-

101 388 203 419 terea
228 383 256 425 ἐς
274 382 330 422 την
349 382 384 424 δή
407 383 674 432 οἷνηνείριαντο
694 396 772 419 non
793 390 864 427 est,
888 385 926 418 in
945 396 1047 432 quam
1065 384 1154 418 vecti
1173 389 1295 427 erant,
1314 382 1379 418 sed

99 439 140 472 in
159 451 264 486 quam
286 451 340 474 res
367 452 448 475 suas
471 444 755 486 comportarunt,
783 438 864 475 sive
893 435 1169 478 immusicum,
1205 443 1250 472 ut
1275 438 1381 473 helle

98 491 199 528 ibid.
219 494 447 530 Plutarchus.
481 494 600 528 Probe
623 494 823 529 recordor.
842 492 1068 528 Eustachium
1096 487 1204 541 [loco
1224 492 1267 527 in
1287 494 1377 529 Var.

101 548 202 584 Lect.
221 545 362 595 citato]
394 547 487 583 hinc
507 547 696 594 accepisse
716 549 743 589 ἐς
760 542 919 594 Σπάρτην
938 545 1162 595 aluminum,
1191 552 1230 582 et
1253 546 1382 593 expli·-

101 613 203 637 casse
223 601 401 644 οἷνέΒηο-αν,
419 602 478 637 sed
499 607 537 637 et
555 603 769 638 aberrasse.
790 609 876 637 tuin
896 601 939 635 in
956 600 1134 643 citando,
1152 607 1237 636 tum
1254 601 1383 648 expli-

100 656 239 692 cando.
279 656 490 704 Scriptoris
510 668 602 692 eum
627 658 744 692 verba
765 656 878 692 aliud
895 655 1052 700 docere,
1082 654 1111 691 si
1133 655 1381 700 advertisset,

90 716 336 760 >potuerant3
364 712 438 747 illa
459 723 641 759 quoque,
666 711 741 759 ipsi
763 724 841 746 non
868 710 1000 759 ignota
1025 722 1057 746 c.
1078 710 1140 745 36.
1160 711 1187 752 ἐς
1210 709 1251 747 ro*
1272 708 1384 757 Κωρύ-

100 782 166 802 κιον
191 764 394 805 οἷνηνείκκντο
409 792 418 808 ,
442 765 570 802 simili
586 778 674 814 aque
702 766 774 802 lib.
794 767 855 802 III.
876 767 963 810 148.
993 765 1169 802 WESS.
1187 785 1236 790 —-
1266 764 1383 802 Nihil

101 820 225 868 magis
245 820 287 855 in
317 827 477 867 promtu
500 821 630 856 fuerat
645 847 655 864 ⁷
674 833 796 868 quam
817 821 909 858 κατ-οὶ
934 820 1049 857 Νέωνα
1067 817 1165 856 πόλιν
1185 820 1382 861 κειμένην

102 875 292 916 scribere;
319 875 373 910 ita
392 875 553 923 quidem
569 901 580 919 ,
607 880 671 919 ut,
699 875 731 912 si
752 875 920 915 κειμένη
942 873 1141 921 scripsisse
1163 879 1383 910 statuamus

100 929 343 966 Herodotum
361 956 370 973 ‚
403 930 597 965 facillime
623 929 664 965 id
692 930 735 965 in
766 931 955 971 κειμένην
980 929 1129 964 mutari
1158 941 1180 964 a
1203 924 1384 965 librariis

102 984 315 1031 potuissem
339 997 416 1020 non
438 985 523 1021 vice
539 996 660 1020 versa.
699 984 846 1033 Igitur,
866 996 993 1032 quum
1015 983 1057 1019 in
1078 984 1195 1019 nullo
1210 989 1285 1019 vet.
1301 983 1384 1021 cod.

103 1039 246 1080 κειμένην
269 1039 464 1087 scriptum
494 1039 741 1086 reperiatur,
768 1051 812 1075 eo
831 1039 976 1074 certius
1006 1038 1098 1074 inde
1122 1037 1258 1087 colligi
1278 1038 1385 1074 vide-

104 1098 173 1128 tur
198 1105 331 1129 veram
365 1106 443 1130 esse
471 1094 712 1142 scripturam
748 1095 898 1135 κειμένη,
928 1093 1022 1129 adeo
1054 1093 1236 1142 religiose
1260 1105 1386 1128 serva-

103 1152 183 1183 tam
207 1160 229 1183 a
256 1148 449 1185 librariis.
499 1148 612 1196 Quod
642 1160 732 1185 vero
765 1150 892 1184 VVess.
919 1148 1114 1196 oppidum
1145 1147 1204 1183 ait
1232 1147 1386 1184 adstrui

101 1203 226 1238 solere
252 1202 399 1239 montis
422 1202 584 1248 vertici,
611 1216 689 1239 non
715 1203 901 1239 verticem
935 1202 1026 1239 urbi
1043 1229 1053 1247 ‚
1073 1202 1113 1238 id
1132 1202 1294 1250 quidem
1321 1202 1384 1237 ni-

102 1256 164 1292 hil
183 1257 231 1293 ad
256 1257 296 1293 id
319 1257 367 1293 de
391 1271 471 1306 quo
500 1258 565 1293 hic
589 1258 736 1307 agitur.
773 1257 812 1294 Si
837 1257 879 1293 in
902 1257 1095 1305 oppidum
1120 1257 1387 1306 confugissent

101 1311 310 1348 Phocenses
325 1339 335 1356 ‚
362 1312 564 1349 commode
581 1313 764 1349 dicturus
785 1312 922 1348 fuisset
937 1312 1172 1349 Herodotus.
1189 1312 1386 1360 oppidum

101 1365 208 1402 illud
230 1367 272 1402 in
297 1367 427 1404 radice
445 1367 603 1404 verticis
632 1368 755 1404 situm
786 1366 906 1403 fuisse
935 1368 1000 1403 cui
1019 1367 1202 1403 Tithorea
1223 1378 1384 1403 nomen:

102 1433 212 1457 nunc
239 1421 306 1458 illi
335 1422 379 1457 in
409 1422 653 1472 singularem
686 1428 724 1458 et
752 1426 976 1469 separatum
1004 1422 1182 1470 aliquem
1210 1421 1386 1458 Parnassi

101 1475 290 1512 verticem
331 1477 622 1525 confugerunt3
654 1483 714 1520 et,
749 1477 935 1524 quisnam
973 1477 1046 1512 ille
1077 1476 1201 1512 fuerit
1233 1483 1387 1521 vertex,

85 1530 278 1567 declarat
306 1531 508 1578 Scriptor‚
539 1544 616 1566 non
643 1531 773 1567 solum
807 1542 949 1566 nomen
978 1531 1064 1568 eius
1094 1531 1232 1574 edens,
1254 1531 1318 1567 sed
1349 1536 1389 1568 et

101 1584 315 1630 adficiens,
340 1583 460 1632 fuisse
490 1588 655 1622 verticem
683 1588 721 1621 in
746 1599 788 1622 ea
817 1587 993 1623 Parnassi
1023 1588 1168 1635 regione
1197 1588 1301 1622 situm
1332 1587 1389 1622 ubi

101 1641 210 1676 Neon
229 1647 282 1676 est
301 1641 485 1689 oppidum,
512 1641 583 1676 hoc
609 1640 694 1676 scil.
717 1640 879 1676 nomine
909 1652 951 1676 ea
974 1646 1099 1677 aetate
1125 1647 1286 1685 notum,
1313 1641 1388 1676 hu-

103 1694 260 1730 miliori
293 1696 453 1731 sortasse
487 1696 648 1731 tumulo
683 1695 955 1740 adstructum‚
994 1708 1039 1732 ex
1070 1696 1228 1732 adverso
1253 1695 1388 1732 Titho-

106 1760 204 1785 reae.
247 1750 286 1786 Id
333 1749 526 1797 oppidum
560 1749 652 1785 dein
685 1762 704 1785 a
742 1749 864 1785 Persis
903 1756 1063 1797 captum
1099 1750 1388 1799 incensumque

102 1804 224 1840 fuisse
251 1816 296 1840 ex
323 1817 407 1852 cap.
429 1805 491 1849 53,
514 1805 547 1841 5.
567 1804 777 1840 discimus:
808 1805 1015 1841 Phocenses
1039 1811 1172 1843 autem
1203 1805 1247 1840 in
1274 1818 1387 1841 mon·

103 1858 152 1895 tis
172 1859 415 1895 vertice-tuti
439 1860 604 1894 fuerunt
622 1860 672 1896 ab
694 1859 867 1895 hostium
887 1859 1056 1907 impetn.
1084 1858 1128 1897 S.

209 1913 355 1953 (JAP.
386 1911 622 1952 XXXIII.
665 1915 718 1950 3-
737 1914 773 1950 5.
812 1917 870 1951 uxi
900 1915 994 1951 κατ-οὶ
1022 1918 1079 1955 μὲν
1113 1912 1261 1952 {navem
1293 1911 1384 1962 etc.)

104 1969 401 2005 Annumeravit
429 1969 496 2004 has
517 1968 694 2005 Phocidis
714 1970 829 2004 urbes
848 1980 894 2003 ex
913 1971 1122 2013 Herodoto,
1149 1970 1191 2003 in
1220 1969 1388 2016 quihus-0

96 2022 192 2059 dam
211 2024 458 2072 discrepz7ms
473 2025 673 2060 Pausanias
695 2026 744 2060 X.
765 2023 799 2059 5.
830 2021 990 2072 Δρόμον
1009 2024 1185 2072 adpellat
1200 2026 1383 2070 Διυαοείοεν,

102 2076 356 2114 dissentiente
381 2079 572 2114 Eustathio
602 2078 648 2114 ad
674 2080 850 2115 Poetam·
890 2076 1115 2126 Τεθρωνιον
1143 2090 1235 2114 cum
1262 2079 1386 2139 Steph.

105 2132 194 2182 Byz.
208 2122 391 2182 Τιθρώνιον,
412 2134 578 2169 Eustath.
598 2131 752 2180 Θρόνιον,
775 2145 854 2168 non
870 2133 989 2168 hene.
1010 2133 1048 2167 id
1065 2133 1259 2181 oppidum
1275 2134 1386 2168 enim

103 2187 299 2232 Locridis,
318 2188 364 2224 ad
382 2189 601 2235 Thermopy
595 2188 738 2223 larum
761 2187 983 2236 angustias
1005 2193 1100 2224 teste
1118 2188 1296 2225 Aeschine
1316 2204 1356 2225 πε
1361 2189 1387 2235 ρὶ

104 2247 261 2289 Παραπρ.
295 2255 332 2290 p.
358 2243 422 2286 45.
453 2249 492 2279 et
517 2243 677 2279 Diodoro
707 2216 835 2278 XVI-D
837 2243 901 2279 33.
939 2242 1212 2283 Ἀμφίκαιαν
1238 2242 1385 2278 vocitat

104 2295 348 2337 Ἀμφίκλειαν
375 2297 499 2333 immo
529 2309 620 2334 vero
638 2299 827 2333 Nostrum
857 2297 915 2332 ait
933 2298 1072 2332 urbem
1089 2296 1259 2337 Ὀφιτείαν
1281 2309 1385 2332 nun-

101 2361 263 2398 cupasse
284 2353 333 2388 X.
359 2351 421 2388 33.
444 2365 481 2399 p.
502 2352 591 2388 883.
607 2378 616 2396 ‚
644 2363 715 2388 nec
743 2351 825 2398 ipse
847 2357 1002 2395 tamen,
1031 2351 1093 2387 sed
1126 2351 1386 2398 inprudentes

101 2404 264 2441 librarii
280 2432 290 2450 ,
316 2405 376 2441 uti
394 2406 546 2457 optime
563 2406 787 2457 Sylburgius.
824 2404 1032 2448 Ἀμωίκοιικν
1051 2405 1249 2455 scripsisse
1267 2409 1386 2442 Hero-

97 2459 239 2498 dotum
252 2486 262 2507 ,
273 2461 474 2509 Stephanus
489 2462 575 2512 Byz.
587 2489 599 2509 ,
612 2466 765 2508 etquae
776 2460 824 2497 de
840 2459 954 2496 tituli
970 2460 1124 2510 origine
1140 2460 1277 2497 subdit
1288 2459 1385 2508 ipse,
