1718 2919
226 223 320 263 AD
363 222 769 263 HERODOT.
808 222 963 263 VIII.
997 236 1203 262 tto-111.
1289 224 1362 263 185

134 329 224 365 Ibid.
252 332 335 366 τοῖσι
358 328 588 364 ἐπίστευσε
608 325 742 376 σιγᾳῖν)
765 327 983 363 Pristinum
1006 327 1156 365 ἐπέτελλε
1173 326 1368 363 damnant

80 383 239 419 schedae
252 411 261 427 ,
280 383 429 431 quibus
447 384 651 430 obsequor.
669 379 679 431 [
698 382 801 419 Vide
823 384 913 418 Var.
926 384 1026 418 Lect.
1044 379 1059 432 ]
1091 383 1290 419 Credidisse
1306 382 1369 417 in-

78 438 238 474 dicatur
253 444 292 473 et
309 439 502 473 confisum
527 437 645 473 fuisse
664 437 965 473 Themistoclem
980 463 991 481 ‚
1015 439 1162 473 nuncios
1177 464 1186 480 ‚
1205 439 1273 473 etsi
1293 443 1370 473 tor-

81 495 208 529 mentis
227 493 385 529 omnibus
410 499 643 535 vexarentur,
677 494 851 529 mandata
878 494 993 528 tacita
1015 492 1220 536 habitur-033
1248 492 1368 539 plana

82 547 226 596 ntique
245 547 461 590 sententia,
489 552 527 582 et
544 546 758 583 simillima
785 548 988 583 Pausaniae
1008 546 1081 583 lib.
1102 549 1186 583 VII.
1215 560 1253 594 p.
1276 547 1368 595 589.

80 602 121 639 Si
137 613 228 638 vero
245 604 376 639 Nostri
394 602 508 637 fidem
527 601 757 646 laudamus,
777 601 832 647 (et
848 601 993 649 quidni
1007 601 1049 649 P)
1070 596 1163 643 αὖτις
1175 603 1301 637 iterum
1318 600 1369 636 ad

80 659 233 694 Persam
252 656 438 693 Sicinnus
456 655 598 691 missus
615 656 731 694 abiit.
759 657 976 693 Plutarchus
989 656 1156 692 aliunde
1170 650 1370 701 Arn'acem,

80 711 236 760 regium
257 711 489 747 eunuchum
518 718 556 746 et
575 710 777 758 captivum
797 711 970 759 accepit,
991 711 1038 746 ad
1066 713 1237 747 Xerxem
1262 711 1371 746 able-

79 773 215 815 gatum
229 792 238 804 .
257 765 446 802 Themist.
467 779 504 812 p.
532 778 618 803 120.
643 779 673 801 c.
688 792 697 804 ,
717 766 906 814 deditque
927 767 1109 816 Polyaeno
1125 792 1134 809 ‚
1168 765 1232 801 sed
1252 768 1371 802 Arsa·

79 835 152 857 cem
174 820 417 867 adpellanti‚
440 820 512 855 lib.
534 822 561 856 l.
592 821 659 864 30,
683 821 717 856 3.
748 821 925 858 WESS.

143 888 186 911 10
200 889 271 924 seq·
299 874 379 923 πρᾶς
402 874 459 914 τήν
487 873 670 923 'An-miv)
691 876 800 922 Quae
825 881 1001 923 prostant
1017 874 1060 910 in
1080 874 1246 912 Miscell.
1263 875 1369 923 Lips.

79 932 178 968 Nov.
198 931 302 966 Vlll.
328 943 414 978 pag.
438 930 527 965 501.
557 937 651 965 sunt
670 937 774 966 certe
806 930 1095 967 inconsiderate
1127 926 1175 980 [a
1200 926 1368 980 Reiskio]

78 984 239 1032 scripta.
267 987 353 1022 Non
375 996 421 1019 ex
441 984 580 1020 Andro
607 984 701 1020 fidos
731 985 821 1021 istos
849 987 1028 1021 homines
1048 985 1199 1028 mittit,
1229 986 1292 1021 sed
1323 997 1371 1021 ex

81 1039 216 1075 insula
249 1040 471 1080 Salamine;
504 1035 571 1088 [at
598 1041 805 1077 Herodotus
824 1041 988 1088 quidem
1011 1039 1237 1088 significare
1263 1039 1372 1076 vide-

83 1099 174 1138 tur,
201 1106 248 1129 ex
281 1095 410 1131 Andro
439 1106 530 1129 euin
558 1093 662 1130 viros
693 1095 784 1130 illos
813 1095 860 1130 ad
890 1098 1060 1131 Xerxem
1085 1092 1272 1143 misisse.]
1304 1106 1371 1130 ne-

80 1160 159 1197 que
179 1160 270 1184 sane
290 1151 455 1190 Xerxes,
484 1149 589 1196 quod
612 1149 677 1183 vir
695 1149 832 1185 doctus
856 1150 1042 1197 putabat,
1070 1148 1114 1184 in
1142 1150 1372 1197 Hellespon-

81 1210 167 1239 tum
187 1204 415 1251 aufugerat:
434 1203 563 1251 exigat
581 1203 613 1238 is
629 1203 775 1239 iterum
800 1204 1055 1240 Herodoteam
1074 1204 1365 1241 narrationem:

79 1258 263 1294 mittitur
295 1257 405 1293 navis
436 1257 479 1292 in
512 1257 710 1301 Atticam,
740 1258 809 1294 ubi
840 1259 1023 1295 haerebat
1042 1259 1172 1295 adhuc
1200 1262 1367 1301 Xerxes3

81 1325 212 1361 neque
238 1312 346 1348 enim
380 1312 444 1348 hic
473 1325 565 1348 eum
596 1313 727 1349 classis
759 1313 921 1362 aufugit
945 1313 1155 1360 reliquiis;
1187 1314 1250 1349 sed
1276 1327 1371 1350 cum

78 1367 254 1404 exercitu
276 1380 346 1403 suo
365 1367 540 1403 secedens
560 1379 605 1402 ex
630 1367 782 1412 Attica,
809 1369 970 1405 Graecia
993 1374 1194 1417 peragrata
1209 1395 1218 1412 ‚
1250 1369 1371 1405 rediit

81 1423 124 1458 in
145 1422 282 1459 Asiam
304 1435 388 1470 cap.
415 1436 426 1457 1
443 1436 453 1456 1
467 1436 502 1472 9.
516 1448 525 1465 ‚
556 1418 620 1470 ἆδῷ
642 1421 819 1469 χρεώμενος
839 1421 915 1464 ἅμα
937 1423 987 1471 τῷ
1008 1421 1104 1470 ἄλλῳ
1129 1424 1260 1470 στρατῷ
1286 1423 1371 1460 οἱπε-

82 1476 217 1517 νόστκσε
235 1477 263 1519 ἔς
285 1476 341 1517 τὴν
360 1476 480 1515 Ἀσίην.
511 1477 614 1512 conf.
636 1489 718 1524 cap.
745 1491 754 1511 1
772 1477 829 1513 15.
854 1479 941 1515 126.
962 1491 973 1512 1
987 1478 1050 1513 30.
1072 1481 1126 1515 W
1140 1478 1250 1514 ESS.

189 1529 335 1570 CAP·
357 1528 484 1569 (LXI.
506 1532 539 1567 S.
566 1531 669 1568 Πειθώ
687 1547 720 1568 τε
738 1534 795 1568 καὶ
813 1530 1046 1580 Ἀναγκοιίκν)
1074 1533 1269 1568 Admovet
1286 1535 1372 1569 An-

82 1585 183 1622 driis
211 1584 269 1626 *triv
303 1587 502 1627 καλουμένην
539 1584 606 1622 ὖπδ
636 1586 699 1622 τοῖν
729 1587 863 1624 ’πολλῶν
902 1585 1200 1627 Πειθανοίγκκν
1230 1589 1372 1638 Synesii

81 1639 177 1688 (Or.
206 1640 254 1676 de
275 1642 395 1689 Regn.
426 1653 463 1688 p.
493 1641 555 1676 26.
583 1637 646 1687 A.)
672 1640 969 1682 Themistoclem
1004 1641 1253 1677 blandiorem
1280 1643 1372 1690 qui-

80 1696 169 1731 dem
193 1695 309 1731 illam
327 1722 336 1738 ,
368 1708 489 1743 quam
513 1693 662 1736 Ἀνάγκη
687 1697 746 1732 καὶ
768 1698 852 1736 Βία,
887 1695 1036 1744 quibus
1060 1697 1247 1733 Corinthi
1268 1697 1369 1733 olim

82 1752 223 1786 fanum
245 1750 288 1785 in
310 1752 468 1786 Pausan.
493 1749 565 1785 lib.
590 1751 637 1787 ΙΙ.
665 1758 724 1794 4.,
749 1761 874 1797 aeque
907 1757 1038 1787 tamen
1069 1751 1209 1788 liberis
1238 1758 1277 1789 et
1305 1752 1371 1788 sui

79 1805 183 1841 iuris
208 1805 440 1841 hominibus
466 1804 645 1840 acerbam
678 1809 717 1840 et
744 1804 1030 1842 detestabilem.
1059 1807 1276 1843 Muliebres
1299 1820 1371 1843 au-

82 1866 159 1896 tem
182 1860 270 1896 deas
292 1857 461 1902 μεγοίλςυς
483 1865 653 1907 utroque
683 1871 862 1895 sermone
882 1867 984 1896 recte
1009 1861 1112 1905 dici,
1144 1863 1220 1898 Iac.
1248 1864 1373 1899 Elsne-

80 1929 139 1952 rus
159 1915 295 1952 Sched.
315 1914 415 1951 Crit.
433 1928 470 1962 p.
490 1914 552 1963 59.
579 1913 902 1951 conmonstravit.
924 1917 1106 1953 WESS.

138 1971 172 2005 8.
191 1976 226 2006 et
240 1983 334 2018 seqq.
363 1967 468 2007 Πειθώ
496 1983 530 2005 τε
559 1970 616 2005 καὶ
641 1967 841 2010 Ἀναγκκίκν
863 1967 966 2019 etc.)
997 1971 1162 2006 Duabus
1183 1971 1244 2007 his
1274 1972 1372 2007 Dea-

81 2025 177 2068 bus,
212 2037 313 2072 quas
337 2036 430 2059 suae
461 2022 630 2058 habendi
659 2023 845 2070 cupidini
877 2025 1156 2060 Themistocles
1191 2026 1369 2073 προέτεινε,

80 2079 248 2127 eleganti
270 2091 451 2126 responso
478 2077 678 2125 sapienter
696 2086 969 2126 opposuerunt
988 2080 1136 2116 Andrii
1152 2107 1161 2123 ,
1190 2093 1288 2128 quas
1310 2080 1374 2116 in-

80 2134 210 2169 sulam
234 2146 346 2170 snam
366 2145 520 2181 semper
533 2133 660 2169 colere
677 2132 864 2169 dicebant
883 2136 995 2174 Hevlnv
1011 2150 1045 2171 τε
1066 2137 1122 2171 καὶ
1143 2134 1369 2179 Ἀμκχανίκνε

81 2200 256 2234 quarum
291 2188 411 2224 etiam
445 2187 555 2224 fideli
596 2187 790 2234 praesidio
824 2188 966 2224 feroces
995 2189 1296 2225 Themistoclem
1334 2195 1373 2225 et

83 2246 245 2279 Graecos
266 2254 306 2278 re
324 2246 537 2292 coegerunt
558 2242 703 2278 infecta
719 2242 823 2279 illuc
842 2244 1018 2279 recedere
1039 2244 1143 2279 unde
1161 2234 1372 2289 venerant}

81 2309 115 2333 c.
139 2310 225 2333 121.
250 2297 319 2334 ἐπεί
341 2314 374 2334 τε
397 2296 456 2335 οὐκ
477 2295 542 2335 θῖόν
568 2312 602 2334 τε
630 2297 768 2339 ἐγένοντο
796 2296 908 2340 ἐξελεῖν
932 2296 989 2337 ‘triv
1006 2295 1133 2346 ’Ἄνδρον
1149 2320 1196 2329 --
1214 2321 1231 2329 -
1252 2297 1372 2336 dvx-002·

83 2349 245 2388 λειῘσ-σιντσ
271 2351 299 2394 ἐς
323 2355 522 2394 Σαλαμῖνα.
565 2352 693 2397 Quam
714 2353 875 2396 Noster,
904 2352 998 2387 hinc
1019 2353 1155 2400 paucis
1177 2365 1260 2388 rem
1282 2365 1374 2388 nar-

82 2412 144 2441 rat
160 2406 348 2442 Plutarch.
369 2406 411 2441 in
442 2405 630 2442 Themist.
651 2418 735 2454 pag.
761 2418 847 2441 122.
866 2420 896 2442 c.
924 2403 977 2444 δύο
1000 2410 1057 2444 uz>
1079 2405 1162 2446 ἥκειν
1193 2405 1258 2449 ἔφη
1278 2406 1374 2449 θεοὺς

80 2461 221 2507 κομίξων
249 2459 353 2499 Πειθώ
379 2462 436 2499 καὶ
460 2463 553 2498 Βίαν·
579 2461 606 2498 οἱ
633 2457 661 2497 δ’
685 2461 819 2504 ἔφασαν
851 2459 930 2499 εἶναι
954 2463 1013 2499 καὶ
1041 2461 1120 2510 παρ’
1146 2460 1258 2504 αὐτοῖς
1279 2460 1373 2505 θεοὺς
1408 2476 1413 2482 ·
