1718 2919
339 227 436 267 AD
484 225 1139 269 HERODOT.V11.36.
1318 228 1394 270 305

93 336 213 379 bant,
232 338 459 370 transversas
481 331 602 369 locari
624 332 810 381 potuisse.
847 332 961 380 Quod
988 332 1020 368 si
1046 337 1179 369 nostra
1199 331 1247 369 de
1266 332 1398 369 conie-

38 428 43 431 ,
94 396 208 426 ctura
226 395 373 425 statuas
387 415 396 432 ‚
414 401 492 424 non
515 387 706 433 Πόντου,
728 388 791 423 sed
808 404 835 423 π
849 386 865 425 o‘
879 404 940 434 ρου
960 388 998 425 h.
1018 388 1046 424 l.
1060 388 1260 435 scripsisse
1279 391 1398 425 Hero-

96 445 258 486 dotum;
296 440 433 494 (conf.
459 443 590 486 infra,
622 445 687 479 lin.
717 440 806 488 21.)
833 442 913 478 duo
933 442 1029 486 ista.
1059 454 1163 490 quae
1179 450 1398 488 memorat.

95 499 290 546 ἐπικαρσίοις
315 500 457 534 stetisse
492 511 616 541 naves,
650 503 688 533 et
719 497 869 533 stetisse
901 496 1153 536 Ἑλλησπόντου
1180 496 1275 535 κατ-οὶ
1306 496 1396 543 ῥοόν,

97 566 178 589 non
202 553 258 589 ita
279 553 435 589 fuerint
461 552 743 601 intelligenda,
777 557 822 588 ut
844 551 957 599 prius
975 551 1023 586 ad
1048 565 1177 587 unum
1198 564 1244 587 ex
1268 552 1402 600 ponti-

97 609 173 644 bus
186 634 195 651 ,
216 608 410 656 posterius
424 607 470 643 ad
485 608 660 643 alterum
677 613 839 654 speetet3
859 606 921 642 sed
937 607 1219 655 utrumquead
1240 614 1401 643 utrum-

97 670 178 711 q'ue
199 669 358 711 pontem
389 662 619 710 pertinebit.
667 663 861 711 Utriusque
884 663 1009 710 pontis
1035 676 1141 698 naues
1164 661 1220 697 ita
1252 663 1401 700 locatae

96 723 237 761 erant,
269 724 314 754 ut
336 724 495 766 respectu
514 720 684 753 traiectus
709 714 918 765 (respectu
948 717 1078 752 lineae
1105 723 1232 752 rectae
1248 718 1298 752 ab
1319 731 1399 754 una

99 785 168 809 ora
201 772 249 807 ad
279 773 448 808 alteram
483 770 656 821 ductae)
700 780 928 809 transversae
959 777 1131 814 starent3
1165 771 1228 807 sed
1259 778 1401 817 rectae,

96 828 289 864 seeundum
314 841 429 876 aquae
449 829 486 863 in
515 828 751 875 Hellesponto
776 840 930 862 cursum.
962 827 1171 874 Superest,
1205 832 1272 871 ut,
1299 840 1403 875 quae

97 883 144 918 as]
168 882 352 918 eumdem
383 881 656 917 difficiliorem
680 881 812 919 Nostri
834 882 966 917 locum
996 894 1018 916 a
1045 882 1279 927 Schulzio‚
1300 884 1403 919 Viro

97 937 234 977 docto.
253 937 438 973 adnotata
460 943 577 979 sunt.
600 936 660 972 his
680 936 908 972 subiiciam.
940 933 1014 987 S.]

156 999 179 1036 4
194 1012 210 1019 -·
230 1005 266 1037 7.
297 990 364 1029 ιῖπδ
388 995 444 1029 μὲν
467 990 522 1032 τήν
542 990 639 1040 etc.)
668 992 736 1027 Sub
759 994 912 1028 alterum
931 998 1100 1041 pontem,
1127 994 1245 1029 Ponto
1263 994 1403 1029 Euxino

98 1047 284 1083 obversum
299 1073 308 1091 ⁷
341 1053 519 1083 trecentas
544 1054 579 1083 et
605 1049 819 1096 sexaginta,
838 1045 926 1082 scil.
946 1048 1121 1089 συνθέντεςτ
1152 1047 1214 1083 sub
1234 1050 1404 1093 alterum,

101 1102 176 1150 qui
207 1103 408 1150 Aegaeum
440 1113 549 1137 mare
579 1103 807 1148 spectabat,
841 1108 1021 1138 trecentas
1055 1109 1090 1138 et
1124 1105 1405 1151 quatuordecim.

101 1156 318 1205 Sequentia
348 1156 532 1192 videmus
563 1157 612 1191 ab
639 1156 733 1192 aliis
763 1158 900 1192 minus
929 1163 1032 1192 recte
1062 1158 1277 1205 explicata,
1305 1171 1407 1206 quo-

101 1225 195 1249 rum
223 1211 359 1248 omitti
391 1218 555 1259 possunt
581 1212 950 1259 interpretationes,
977 1212 1038 1247 his
1070 1212 1220 1260 positis.
1248 1214 1320 1251 Τοῦ
1347 1217 1406 1256 μὲν

101 1265 232 1306 Πόντου
248 1287 266 1294 -
289 1287 306 1294 -
325 1287 341 1293 -
362 1265 455 1303 umet)
476 1265 542 1311 ῥέον
556 1293 565 1308 ,
588 1273 644 1302 est
661 1267 773 1315 quasi
794 1265 996 1314 παρενθήκη,
1017 1280 1120 1315 quae
1141 1267 1406 1304 directionem

102 1322 270 1358 navium
288 1321 523 1357 iunctarum
545 1322 702 1370 signare
721 1322 847 1358 (lebet.
880 1324 1004 1357 Erant
1018 1329 1152 1358 autem
1175 1323 1408 1369 collocatae,

102 1382 182 1413 'non
205 1382 397 1425 tanquam
428 1377 741 1413 transmittentes
766 1378 1094 1424 Hellespontum„
1118 1377 1181 1413 sed
1213 1384 1407 1426 tanquam

102 1431 359 1475 invehentes,
389 1439 527 1473 rectae,
559 1434 747 1468 secundum
766 1435 912 1480 fluxum
940 1434 1195 1481 Hellesponti.
1224 1432 1251 1469 i.
1280 1445 1313 1468 e.
1344 1435 1408 1471 τοῦ

103 1485 356 1527 ‘mammiano
380 1485 473 1524 κοινοὶ
504 1486 591 1532 ῥοόν,
625 1494 663 1523 et
690 1488 749 1524 τοῦ
774 1487 903 1525 Πόντου
937 1488 1149 1535 ἐπικκρσίοις,
1182 1484 1400 1538 [ἔπικοὲρσ-ικι

108 1548 207 1591 puto
229 1542 402 1578 scribere
419 1543 603 1578 voluerat
624 1542 703 1578 Vir
721 1541 895 1589 doctus}
916 1544 1034 1591 quoad
1052 1544 1203 1579 Pontum
1225 1551 1408 1580 transver-

105 1611 168 1634 sae
186 1597 268 1633 sive
286 1596 461 1645 obliquae.
480 1596 557 1634 Ἵνα
577 1596 776 1644 α’νκκωχεύῃ
796 1604 862 1632 cet.
884 1610 962 1632 non
986 1599 1131 1633 reseras
1151 1599 1197 1633 ad
1223 1599 1323 1634 hanc
1342 1611 1408 1647 pa-

105 1651 337 1695 renthesin‚
364 1651 427 1687 sed
461 1652 509 1687 ad
538 1653 743 1699 superiora
776 1651 845 1689 ὖπέ
879 1658 936 1693 μὲν
957 1651 1013 1693 τνῖν
1042 1659 1113 1690 ete.
1141 1660 1179 1688 ut
1207 1654 1408 1699 stabiliret,

93 1705 251 1755 fulciret
263 1704 376 1754 funes
399 1707 480 1751 (τόν
504 1704 627 1756 τόνον)
646 1714 951 1743 armamentorum
965 1710 1153 1756 pontium,
1175 1721 1278 1756 quae
1300 1709 1410 1744 inni-

107 1762 291 1799 terentur
317 1761 487 1798 navibus
504 1762 584 1798 sive
604 1762 700 1809 ipsis
716 1762 927 1804 fluctibus3
959 1775 1050 1798 nam
1075 1764 1245 1811 paulum
1268 1765 1408 1810 refert,

109 1817 177 1862 ῥόος
196 1817 372 1853 subintel
383 1817 522 1853 [exeris
544 1824 629 1864 post
652 1815 873 1864 α’νακαχεύῃ,
896 1830 946 1852 an
971 1819 1088 1861 τοῦτο,
1105 1831 1192 1867 opus
1209 1820 1305 1856 istud
1330 1822 1410 1856 iun-

107 1879 246 1908 ctarum
267 1875 420 1908 navium.
449 1875 491 1908 ln
518 1872 733 1907 condendis
759 1872 963 1920 prioribus
988 1873 1180 1920 pontibus
1195 1887 1324 1922 quum
1346 1875 1409 1910 ni-

108 1927 170 1962 hil
199 1927 334 1963 simile
371 1928 521 1963 factum
551 1934 673 1970 esset,
714 1927 832 1962 facile
860 1933 917 1963 est
946 1927 1196 1977 intelligere,
1227 1942 1302 1966 eur
1328 1937 1410 1967 tam

107 1982 291 2019 celeriter
314 1994 336 2018 a
369 1982 559 2018 fluctibus
587 1982 835 2018 destructum
866 1982 919 2018 sit
945 1996 1058 2031 opus.
1090 1986 1191 2020 Nam
1223 1996 1294 2033 per
1318 1986 1412 2022 Hel-

109 2037 336 2084 lespontum
360 2043 438 2073 tam
468 2038 597 2072 latum
626 2050 706 2085 quo
739 2038 897 2073 tandem
922 2045 1033 2085 pacto
1064 2038 1179 2085 funes
1205 2045 1411 2089 tantopere

110 2091 266 2127 intendi
296 2092 540 2140 potuissent,
561 2104 610 2128 ne
635 2093 677 2128 in
708 2093 838 2128 medio
873 2094 1013 2129 saltem
1043 2094 1234 2130 demissae
1261 2109 1410 2143 aquam

110 2145 378 2195 attingerent?
393 2149 427 2184 D
443 2164 464 2183 A
478 2162 514 2183 v.
533 2149 585 2184 Sc
599 2162 621 2183 H
636 2162 660 2185 U
674 2156 730 2184 La.
747 2169 797 2175 —
823 2150 878 2184 At
895 2149 966 2184 hoc
988 2149 1122 2196 ipsum
1139 2150 1291 2186 mirum
1311 2165 1411 2199 quo-

111 2201 322 2237 dammodo
341 2208 494 2250 poterat
515 2203 664 2247 videri,
695 2203 800 2251 quod
832 2204 875 2239 in
906 2203 1047 2240 iterata
1068 2205 1189 2240 etiam
1219 2207 1409 2253 pontium

112 2256 259 2292 horum
276 2258 570 2294 constructione
592 2258 759 2295 funibus
781 2259 831 2295 ab
854 2272 932 2294 una
953 2272 1020 2295 ora
1040 2259 1083 2294 in
1101 2261 1270 2297 alteram
1292 2263 1411 2298 tensis

112 2311 320 2364 imponere
344 2318 579 2349 transversas
607 2315 732 2350 trabes
747 2341 756 2358 7
781 2326 885 2363 quae
904 2314 1120 2350 transitum
1145 2318 1386 2363 praebebant
1401 2344 1411 2362 ⁷

112 2366 493 2415 maluerint,qua1n
512 2368 659 2404 validis
676 2369 797 2419 tignis
811 2370 860 2404 ab
882 2382 1127 2418 unaquaque
1146 2383 1245 2407 nave
1260 2371 1303 2409 in
1322 2385 1411 2419 pro-

112 2422 264 2456 ximam
289 2427 360 2456 aut
379 2423 580 2469 proximas
611 2425 801 2472 porrectis
816 2451 825 2469 ‚
851 2430 1021 2472 apteque
1040 2426 1148 2461 inter
1165 2438 1205 2461 se
1223 2427 1411 2463 connexis

113 2476 378 2524 firmatisque.
418 2479 569 2526 Nempe
597 2480 776 2528 amplius
804 2479 1040 2517 tribuerunt
1064 2482 1322 2518 robustorum
1343 2495 1411 2518 ru-

164 2532 344 2568 Herodot.
366 2533 410 2568 T.
429 2534 495 2569 Vl.
515 2535 556 2570 P.
574 2535 604 2570 Ι.
1107 2539 1147 2571 V
