1718 2919
216 272 220 279 ί
263 225 359 265 AD
405 223 818 264 HERODOT.
846 223 961 266 VII.
996 224 1207 275 185-187.
1347 233 1393 274 17

102 330 250 381 poterit
278 330 454 367 ostendi:
485 342 533 367 ex
570 330 664 367 aliis
701 332 831 367 multa
860 335 956 366 sunt
986 329 1033 366 ad
1065 341 1251 373 manum;
1290 328 1400 365 nihii

103 388 228 423 huius
245 385 398 435 generis
418 397 464 421 ex
495 387 707 430 Herodoto;
736 386 798 421 sed
820 384 910 421 fieri
934 385 1221 434 facilebpotest,
1258 390 1305 421 ut
1328 385 1400 420 hac

104 442 151 477 in
179 447 290 489 parte
311 440 444 476 fallar.
476 444 631 478 Verum
662 440 768 476 illud
791 440 1009 484 contendo,
1044 451 1173 488 neque
1202 440 1304 484 ἐνίων,
1336 449 1402 474 ne-

105 507 186 546 que
204 494 293 534 ἕσ-ὲ-ιν
323 489 387 537 ὧν,
422 495 487 531 hic
512 507 742 544 congruere.
769 498 912 532 Graece
940 492 1118 538 dicitur,
1149 492 1223 532 ἔνιοι
1247 495 1310 531 τῶν
1340 509 1401 531 πο-

106 551 251 594 ταμῶν,
284 563 365 586 non
387 550 483 586 item
505 551 532 588 οἳ
561 553 708 592 ποταμοὶ
736 547 822 588 ἔνιοι.
854 550 1079 586 Herodotum
1111 559 1178 597 ego
1204 548 1402 596 scripsisse

109 611 230 654 puto,
260 602 430 651 προδοῦναι
455 603 501 642 τοὶ
526 605 625 652 ῥέεθρα
654 605 718 642 τῶν
740 605 932 645 ποτκμῶνε
960 604 1126 639 effatum
1154 603 1262 638 illud
1291 614 1407 652 gene-

110 660 197 697 rale
215 659 441 695 limitatum
465 660 516 695 ab
545 659 754 695 eruditulo
775 660 939 703 lectore,
959 658 1109 694 adiecta
1127 669 1219 695 voce
1238 658 1321 695 ἐνίων
1341 657 1405 693 vel

109 713 199 753 ἕάτιν
227 708 281 750 ὧν.
319 715 436 750 Recte
463 715 622 750 Thomas
654 711 830 761 Προδοῦνκι
858 714 923 749 hic
952 712 1244 761 interpretatur
1270 709 1407 749 ἐνδοῦναι

110 769 344 806 καταποθέντα
366 770 416 816 τῷ
439 766 660 817 στρατοπέδῳ.
690 768 952 818 Significatur
976 768 1039 805 vel
1062 767 1233 803 flumina
1259 764 1409 814 deffecis-

112 837 172 868 se3
189 823 253 860 vel
276 825 494 868 destituisse,
525 823 557 859 si
581 835 724 870 nempe
755 828 905 870 repetas
928 834 949 859 e
973 822 1123 859 vicinia
1145 820 1314 864 τοσαύτας
1340 837 1410 863 μυ·-

113 875 249 926 ριοέὸαςι
276 879 346 913 hac
369 884 556 926 potestate
573 878 701 915 activa
724 879 893 915 verbum
920 883 1171 927 usurparunt
1189 876 1412 924 Aristopha-

114 947 194 977 nes,
223 934 448 982 Xenophon,
477 933 749 977 Demosthenes,
777 933 946 980 aliique.
978 933 1192 969 VALCK.
1214 951 1265 957 ·-—
1306 930 1412 968 Vide

118 989 210 1023 Var.
237 990 337 1024 Lect.
366 1000 436 1023 nec
467 987 549 1024 fere
575 987 780 1024 dubitabis
807 993 904 1034 puto
923 987 971 1023 de
997 987 1164 1023 veritate
1188 985 1411 1033 scripturae

114 1039 212 1079 ὲό-τι
236 1043 344 1079 τῶνέ
378 1042 495 1078 cuius
522 1043 721 1078 formulae
746 1042 789 1077 in
822 1042 979 1086 locum,
1016 1041 1179 1077 Ionibus
1204 1038 1411 1089 propriae,

115 1096 190 1132 alii
209 1094 297 1134 ἐό-τιν
324 1091 391 1147 ὧν,
422 1096 498 1133 alii
523 1097 647 1147 magis
669 1097 790 1133 etiam
817 1108 1073 1133 communem
1097 1096 1179 1133 ἐνίων
1197 1095 1413 1132 substitue-

117 1156 229 1188 runt.
260 1149 305 1188 S.

180 1213 331 1250 10-14.
366 1207 393 1244 εἷ
419 1208 551 1251 χοίνικα
574 1207 681 1254 πυρῶν
710 1204 851 1249 ἕκαστος
868 1204 1239 1255 εἰσ.)’])εῐθὲεῑ1ἆι15
1267 1203 1416 1241 calculi

119 1271 232 1297 error
251 1266 328 1305 est,
343 1273 364 1296 a
381 1262 525 1297 Budaeo
540 1267 579 1297 et
594 1262 647 1297 Io.
660 1262 929 1310 Laurenbergio
942 1261 1035 1297 Otii
1055 1260 1196 1298 Sorani
1219 1273 1258 1308 p.
1277 1260 1311 1296 5.
1332 1272 1419 1308 per-

119 1321 287 1363 spectus.
326 1315 367 1352 Si
388 1315 589 1352 choenices
607 1316 871 1365 quadraginta
898 1322 983 1352 octo
1004 1316 1280 1359 medimnum,
1309 1313 1417 1362 qnod

120 1371 273 1415 Pollux,
305 1372 601 1420 Harpocration,
620 1377 742 1418 atque
772 1371 843 1406 hoc
870 1371 917 1406 de
937 1382 1049 1420 grege
1076 1369 1150 1407 alii
1176 1374 1418 1413 asseverant,

121 1425 389 1470 absolverint,
428 1431 537 1473 patet
578 1426 831 1461 medimnum
875 1425 1002 1461 tritici
1032 1425 1075 1460 in
1105 1424 1256 1460 milites
1283 1436 1417 1460 xrvnr.

123 1479 277 1528 erogari
296 1486 396 1528 quot
418 1480 559 1516 diebus
581 1480 769 1516 solitum:
799 1491 846 1515 ex
865 1493 968 1527 quo,
991 1479 1105 1515 initis
1125 1491 1171 1515 ex
1196 1478 1421 1514 medimno-

124 1547 219 1571 rum
247 1534 312 1570 hic
340 1534 589 1583 signatorum
620 1547 790 1570 numero
822 1534 1072 1579 rationibus,
1099 1533 1286 1582 colligere
1305 1533 1422 1578 licet,

125 1587 335 1633 militum,
354 1589 397 1624 in
420 1589 595 1625 exercitu
616 1590 759 1625 Xerxis
788 1588 1031 1625 merentium
1046 1618 1055 1633 ‚
1080 1589 1278 1638 5296320.
1301 1588 1422 1624 fuisse

125 1643 279 1691 capita;
314 1644 429 1692 atqui
467 1650 721 1681 recensentur
752 1643 947 1680 duntaxat
981 1644 1188 1685 5285220;
1233 1649 1424 1690 superant

127 1710 218 1747 ergo
243 1699 445 1735 choenices
472 1693 689 1735 numerum
719 1699 932 1734 hominum
963 1698 1150 1734 tredecim
1177 1697 1365 1734 millibus
1385 1703 1423 1734 et

128 1759 306 1791 centum.
348 1755 418 1790 Fac
438 1753 580 1797 fuisse,
608 1767 801 1801 quorsum
823 1754 984 1790 schedae
1003 1754 1118 1790 Arch.
1145 1765 1214 1788 nos
1235 1753 1424 1797 trahunt,

129 1819 289 1844 omnem
321 1808 599 1845 militantium.
630 1809 678 1844 ad
711 1809 896 1845 5505220
931 1810 1114 1852 turbam,
1155 1807 1282 1843 deerit
1311 1807 1429 1843 diur-

129 1875 232 1899 num
248 1874 313 1899 sex
333 1863 520 1899 millibus
540 1870 579 1900 et
594 1863 802 1913 nongentis
822 1863 1027 1899 militibus
1045 1862 1293 1898 dimensum:
1318 1875 1426 1905 nam,

131 1929 234 1967 quae
256 1917 427 1954 minime
445 1919 569 1954 fallax
591 1919 653 1955 Cl.
674 1921 802 1956 Askew
822 1918 1047 1962 adnotatio,
1075 1924 1131 1953 tot
1157 1917 1360 1953 choenices
1378 1917 1428 1952 ad

131 1984 219 2009 eam
249 1986 448 2009 summam
483 1973 774 2009 desiderantur.
820 1974 967 2021 Liquet
997 1972 1144 2009 calculi
1182 1984 1313 2015 error;
1354 1971 1427 2007 ubi

134 2028 375 2073 conmissus,
399 2041 479 2064 non
501 2029 611 2064 item.
637 2028 815 2066 WESS.
845 2048 896 2054 ——-
926 2028 1102 2065 Videtur
1120 2026 1203 2074 ipse
1221 2028 1430 2063 Herodotus

134 2081 181 2118 in
197 2082 464 2119 subducendis
484 2083 652 2120 calculis
671 2084 812 2119 leviter
829 2095 987 2121 errasse.
1028 2081 1140 2129 Quod
1161 2082 1191 2117 si
1214 2095 1283 2130 pro
1305 2085 1431 2130 singu-

136 2138 182 2173 lis
209 2137 406 2175 hominibus
431 2140 470 2175 in
498 2141 660 2187 singulos
689 2140 760 2175 dies
791 2139 989 2174 choenix
1019 2137 1324 2185 requirebatur,
1354 2136 1428 2184 qui

137 2197 195 2227 est
209 2193 486 2243 quadragesima
503 2201 631 2230 octava
646 2207 735 2242 pars
757 2195 984 2235 medimni3
1017 2191 1330 2240 requirebantur
1359 2203 1431 2239 pro

143 2246 328 2283 5283220
350 2249 584 2284 hominibus
605 2248 787 2296 quotidie
808 2249 972 2284 medimni
993 2261 1005 2282 1
1021 2248 1145 2293 10067
1165 2258 1257 2282 cum
1276 2255 1297 2291 4
1319 2246 1432 2282 choe-

141 2300 321 2345 uicibus,
350 2309 396 2339 ut
415 2304 639 2340 subiectum
665 2304 819 2339 schema
843 2302 1033 2339 ostendit:

516 2359 699 2394 5285220
719 2360 765 2402 48

542 2431 566 2469 4
626 2424 700 2467 340
722 2424 874 2469 110067

193 2531 374 2568 Herodot.
396 2532 440 2568 T.
458 2533 525 2569 VI.
545 2533 587 2570 P.
603 2475 711 2569 ΠΧ(4
1144 2529 1173 2566 Β
