1718 2919
286 240 365 290 396
588 235 1341 277 ADNOTATIONES

285 341 467 384 Graecis,
491 347 531 378 et
555 341 603 378 de
630 341 786 378 duobus
807 342 927 378 malis
949 348 995 379 ut
1019 341 1150 378 levius
1173 338 1495 390 praeoptaverint
1515 338 1584 381 ὗπὸ

284 413 348 434 των
377 396 551 446 βαρβάρων
588 394 772 442 ἄρχεσθαι,
812 415 830 438 n
861 413 921 435 vm·
925 397 993 441 ῗξαι
1031 404 1122 435 Ama
1126 394 1329 439 &maeviam-1.
1375 396 1445 432 HIS
1482 407 1579 444 qula

283 452 483 499 Mycenaei
509 452 702 488 miserant
719 451 940 488 auxiliares
966 451 1192 500 octuaginta
1223 451 1271 487 ad
1297 450 1582 499 Thermopylas

283 519 376 542 cum
399 507 568 543 Leonida
590 507 860 555 profecturos,
891 506 1033 556 Argivi
1052 506 1114 550 τοὶς
1137 513 1197 544 Μ.
1194 504 1298 548 κήνας
1325 504 1576 549 κατέσκῖιψοιν,

282 558 524 599 Βὶοάον.ΧΙ.
547 558 1071 612 c.65.Pausan.11.[c.16.]
1100 575 1138 609 p.
1156 562 1245 606 146.
1286 560 1484 605 Oderant‚
1508 567 1580 596 nee

283 616 508 654 immeritos
528 617 724 665 profecto,
755 618 945 664 superbos
972 617 1124 653 vicinos
1154 615 1480 653 Lacedaemonios
1502 616 1581 651 Ar·

282 671 364 721 givi
379 699 389 716 ⁷
416 685 437 708 a
458 672 608 721 quibus
628 683 783 719 semper
805 672 933 708 vexati
952 698 961 711 .
992 677 1031 708 et
1060 684 1192 719 nuper
1218 671 1315 707 adeo
1336 683 1475 722 magna
1496 670 1582 706 fue-

282 734 377 764 rant
395 727 525 763 affecti
546 727 677 771 clade,
696 726 823 774 impia
844 727 1070 764 Cleomenis
1091 726 1233 763 fraude
1260 725 1426 774 decepti.
1463 725 1579 769 Hine,

283 782 451 829 opinor,
478 782 585 818 infra
608 785 748 820 Noster
765 794 797 818 c.
824 783 911 819 152.
931 781 990 820 οὐκ
1007 781 1201 830 ’Apulam-a,
1229 781 1311 826 ait,
1334 779 1501 826 αἴσχιστα
1518 796 1581 818 πε-

283 842 438 877 mim-ou:
461 844 499 873 et
520 838 668 874 frustra
685 838 904 874 Plutarchus
925 848 1110 873 excusare
1134 836 1287 873 nititur
1304 835 1473 886 Argivos
1495 841 1580 872 tan·

284 904 406 939 quam
443 891 503 930 οὗκ
548 890 794 935 οἷπειποιμένευς
829 895 896 936 τοῖς
918 890 1065 932 ’Ἕλλησι
1100 890 1155 932 τήν
1195 892 1422 936 συμμαχίαν,
1457 892 1502 928 Τ.
1528 892 1576 927 II.

284 959 324 994 p.
338 947 428 984 863.
449 962 483 984 B.
525 948 587 984 Ob
606 947 712 983 idem
725 947 832 983 illud
854 947 993 983 odium
1014 947 1302 983 abstinuerunt
1318 952 1450 993 postea
1471 945 1580 982 bello

284 1002 629 1049 Peloponnesiac03
652 1015 735 1052 quo
752 1002 1155 1039 Lacedaemoniorum
1183 1001 1276 1038 socii
1310 1001 1479 1037 fuerunt
1495 1012 1582 1037 om-

284 1068 351 1092 nes
382 1058 655 1105 Peloponnesii
673 1085 682 1102 ‚
718 1064 811 1094 teste
832 1058 1000 1108 Thucjd.
1024 1059 1069 1094 ΙΙ.
1101 1070 1133 1094 c.
1161 1071 1197 1106 ς).
1227 1055 1314 1096 mm
1341 1055 1492 1103 Ἀογείων
1519 1058 1578 1093 καὶ

281 1110 453 1157 Ἀχαιῶνε
469 1114 569 1150 solos
588 1113 754 1162 Argivos
771 1113 1085 1161 excipitDiodor.
1100 1114 1183 1148 XII.
1202 1125 1234 1150 c.
1252 1121 1318 1156 42.
1341 1110 1412 1148 Sed
1426 1111 1578 1147 Achaei

282 1167 391 1202 bello
409 1181 514 1216 quoq
523 1171 605 1205 uel
609 1169 732 1205 ersico
746 1167 991 1220 Argivorum
1011 1167 1249 1204 sententiam
1267 1165 1427 1215 sequuti
1441 1165 1581 1210 viden·-

284 1228 354 1257 tur
368 1223 571 1260 Pausaniae
593 1226 677 1261 Vll.
704 1220 754 1274 [c.
773 1220 827 1273 6.]
847 1236 884 1271 p.
906 1223 981 1259 556
1005 1235 1107 1270 seq.‚
1129 1228 1175 1258 ut
1193 1222 1267 1258 ille
1284 1221 1576 1269 suspicabatur,

284 1277 380 1324 quia
397 1275 669 1322 Λακεδαιμῡνίους
684 1281 810 1327 Δωριεῖς
830 1277 988 1321 οἷπκξίουν
1003 1280 1114 1321 σφίσιν
1130 1276 1291 1319 ὠνεῖσθαι.
1323 1275 1515 1325 Quiescen
1523 1281 1578 1313 tes

282 1332 612 1380 Peloponnesiaco
639 1334 747 1370 bello
776 1332 917 1382 Argivi
948 1333 1086 1383 longae
1120 1332 1225 1380 pacis
1259 1331 1439 1380 primum
1472 1344 1580 1375 com-

283 1387 422 1432 moda,
447 1395 576 1436 postea
610 1394 873 1437 perceperunt
897 1388 1019 1424 etiam
1041 1389 1167 1431 mala3
1199 1387 1344 1435 opibus
1374 1386 1484 1423 enim
1517 1386 1580 1423 di-

284 1442 355 1478 tati
379 1442 422 1478 in
444 1456 513 1479 sua
541 1456 655 1492 saepe
679 1444 825 1481 viscera
854 1444 1104 1489 saevierunt,
1129 1442 1332 1479 intestinis
1352 1441 1491 1491 agitati
1523 1454 1578 1479 se·

280 1497 527 1535 ditionibus:
558 1499 605 1535 de
625 1499 731 1547 pacis
749 1499 965 1535 commodis
987 1499 1152 1550 Thucyd.
1171 1498 1253 1535 vid.
1271 1500 1317 1534 II.
1340 1499 1405 1534 28.
1423 1499 1581 1536 Diodor-

283 1554 369 1591 XII.
390 1554 452 1600 75.
486 1554 534 1590 de
565 1555 830 1591 incommodis
854 1555 903 1590 Is.
935 1555 1089 1591 Casaub.
1121 1553 1165 1590 in
1199 1557 1342 1590 Aeneae
1369 1553 1577 1601 Poliorcet.

282 1620 315 1643 c·
331 1622 385 1645 XI.
416 1615 454 1645 et
472 1611 513 1645 P.
535 1611 698 1646 lsVessel.
718 1611 766 1646 ad
786 1611 942 1647 Diodor.
963 1611 1047 1646 XII.
1072 1610 1135 1646 58.
1165 1610 1321 1646 VALC
1335 1610 1383 1646 K·

394 1663 539 1703 CAP.
563 1663 657 1704 CL.
694 1679 754 1701 10.
787 1666 840 1702 ἐπὶ
865 1663 941 1707 τούς
966 1664 1133 1712 ἧμετὲμυς
1157 1662 1356 1712 προγένους)
1394 1665 1483 1700 Non
1508 1675 1576 1699 ne-

281 1718 412 1765 mini,
428 1719 574 1766 fratres
603 1728 747 1758 nostros
772 1735 814 1757 ex
834 1721 971 1756 diverso
1004 1727 1103 1756 utero
1129 1719 1372 1767 explicanti,
1397 1717 1578 1771 adstipu-

282 1774 360 1810 lari
383 1788 460 1811 non
480 1775 584 1812 licet.
612 1775 789 1818 'Am'ywm
803 1802 812 1820 ,
832 1775 1017 1823 superius
1035 1774 1175 1822 positi,
1191 1772 1366 1819 προγόνους
1381 1773 1575 1818 indicant,

282 1834 328 1865 ut
345 1842 457 1878 saepe
476 1831 536 1866 his
556 1831 598 1866 in
619 1831 762 1875 Musis,
782 1833 955 1875 maiores;
976 1830 1020 1866 in
1041 1835 1132 1879 quis
1149 1831 1294 1873 Perses,
1314 1828 1440 1865 Persei
1461 1828 1575 1866 filius

281 1883 328 1920 de
350 1887 589 1923 Graecorum
610 1892 648 1922 et
668 1888 873 1923 Persarum
894 1882 965 1936 [ut
985 1885 1151 1933 quidem
1169 1884 1306 1922 Graeci
1329 1880 1575 1935 iactabant‚]

281 1941 494 1987 sententia,
513 1953 633 1989 supra
654 1954 686 1977 c.
707 1942 769 1979 61.
792 1947 831 1977 et
846 1939 1265 1990 Apollodor.Biblioth.
1283 1940 1330 1977 ΙΙ.
1347 1946 1385 1984 4,
1403 1939 1437 1975 5.
1469 1940 1574 1976 Con-

279 1995 392 2043 gruit
415 1996 606 2032 nonnihil
626 1996 938 2033 Atheniensium
959 1995 1007 2032 ad
1024 1998 1136 2032 lonas
1151 1994 1371 2043 scriptum,
1391 1992 1428 2031 ου’
1450 1994 1574 2032 ποιέετε

282 2047 425 2086 δίκαια’
414 2054 466 2088 επὶ
492 2069 523 2089 τ
532 2068 565 2093 υς
585 2067 694 2088 παπ-ε
683 2054 774 2099 ’ςρα
794 2067 949 2097 crem-svo
947 2050 1063 2100 ’μενοι,
1084 2050 1158 2086 lib.
1180 2051 1282 2086 VIII.
1306 2061 1369 2084 22.
1398 2047 1480 2086 Etsi
1499 2062 1572 2085 au-

281 2109 359 2139 tem
381 2118 459 2141 non
481 2106 652 2142 nesciam
674 2106 820 2150 α’ντίξους
833 2109 883 2157 Sy
887 2109 990 2151 nesii,
1010 2106 1219 2156 Agaffliae,
1238 2104 1426 2153 Procopii,
1443 2109 1482 2140 et
1502 2103 1574 2147 oe'm-

281 2159 391 2202 φίξουν
413 2160 613 2210 Epigram.
636 2161 742 2209 apud
762 2162 931 2205 suidam,
955 2136 1169 2198 obtrudere
1194 2155 1283 2209 [lin.
1307 2172 1348 2195 12
1357 2155 1385 2209 .]
1407 2160 1575 2196 Herodo-

280 2221 338 2258 to,
357 2214 524 2258 dumiah-»g
543 2216 696 2264 ubique
714 2216 923 2264 probanti
944 2229 1023 2252 non
1041 2215 1193 2252 ausim·
1215 2214 1298 2262 ipse
1317 2214 1573 2251 v1rCe1eber

279 2280 340 2304 eos
366 2281 412 2305 ex
439 2271 561 2319 steph.
585 2271 764 2320 margine
788 2283 821 2307 e.
851 2283 938 2321 ¹92-
971 2272 1089 2307 nullo
1120 2271 1269 2306 honore
1298 2269 1486 2319 dignatus
1504 2275 1576 2321 est.

280 2325 458 2362 WESS.
488 2346 538 2352 -
566 2328 719 2374 Nempe
735 2325 882 2369 οἱντίξους
904 2337 949 2361 ex
972 2327 1089 2371 Med„
1110 2325 1176 2362 cui
1199 2325 1319 2361 etiam
1338 2327 1383 2362 F.
1399 2324 1574 2361 adsenti-

279 2384 370 2423 tur.
395 2387 593 2428 receperat
620 2382 777 2418 Gronov.
808 2379 854 2419 S·

340 2448 415 2471 10-
438 2449 496 2471 12.
527 2434 597 2473 οὔτε
625 2431 665 2473 ιῖν
692 2436 796 2478 νῗμέοις
826 2434 934 2482 εἶκδς)
979 2435 1134 2479 Οῖκδς,
1172 2437 1314 2473 Nostro
1342 2429 1569 2479 familiare,

277 2489 342 2526 hic
361 2502 409 2527 ex
426 2491 540 2529 Arch.
565 2491 646 2527 iam
671 2491 796 2540 recipi
815 2491 1029 2537 debuerat,
1050 2499 1089 2527 et
1107 2492 1228 2539 paulo
1241 2496 1327 2539 post
1346 2489 1571 2536 ἀντιξόους
