1718 2919
266 193 365 233 AD
410 193 1208 246 HERODOT.VV11.172.173.
1373 198 1394 236 5

100 308 297 333 normam.
327 299 474 334 Contra
488 297 591 346 apud
611 298 887 335 Demosthenem
904 311 985 334 uno
1002 298 1086 334 loco
1102 299 1292 345 praebent
1305 299 1396 336 Edi-

105 353 232 388 tiones
254 353 500 397 συλλεχθέντες,
532 352 691 390 Codices
708 364 800 389 vero
823 353 1051 396 συλλεγέντεςτ
1090 353 1162 389 hoc
1190 353 1280 389 iure
1298 355 1397 390 Pier-

103 420 212 444 sonus
243 406 359 442 alteri
388 407 581 454 praetulit
598 407 644 443 ad
668 411 783 444 Moer.
802 409 888 444 Att.
915 420 952 455 p.
977 409 1067 443 208.
1112 409 1252 444 Aetate
1268 410 1398 445 Demo-

101 461 241 498 sthenis
259 461 458 498 suaviores
485 461 574 498 istas
599 463 745 498 formas
767 463 988 510 probabant
1008 461 1156 505 Attici;
1181 463 1396 510 asperiores

101 522 228 552 aetate
253 518 439 553 Herodoti.
470 518 682 554 VALCK.

167 583 228 607 12.
258 569 428 614 Εὗκίνετος
446 572 464 609 ὁ
488 569 651 617 Καρίνου)
679 572 832 607 Diodori
852 569 991 612 Συνετδς
1009 575 1064 606 est
1081 569 1154 606 lib.
1170 573 1237 607 XI.
1258 583 1292 607 2.
1310 582 1399 619 per-

105 636 241 672 peram
261 625 445 673 scriptus.
474 626 778 669 Polemarchi,
797 640 816 662 e
835 625 955 675 quibus
976 601 1194 670 ’Euaeroetuffi
1219 622 1301 676 [lin.
1322 622 1399 677 13.]

105 679 392 727 Spartanorum
417 692 552 730 regum
574 680 617 716 in
638 680 774 717 castris
797 686 917 727 atque
935 680 1187 727 expeditione
1209 680 1398 728 primarii

105 733 274 770 fuerunt
309 734 538 771 administri
577 735 684 784 apud
719 735 923 783 Thucydid.
956 737 1008 771 V.
1039 735 1123 772 66.-
1116 752 1123 778 ;
1161 734 1205 770 in
1238 735 1400 772 civitate

103 788 220 832 aliis,
250 788 298 825 de
328 789 480 837 quibus
511 792 596 828 Nic.
631 791 785 840 Cragius
807 789 921 837 Reip,
950 790 1132 837 Spartan.
1158 789 1232 826 lib.
1256 791 1309 827 Π.
1338 799 1398 834 14.

104 842 271 890 inpositi
290 844 470 893 negotiis.
499 845 601 881 Hinc
619 857 711 881 vero
724 871 733 889 ‚
752 845 802 881 ab
824 844 899 880 illo
924 844 1147 893 neglectum
1165 871 1175 889 ,
1202 844 1398 893 cognosci-

103 909 197 933 mus
212 924 222 942 9
243 899 349 947 regio
367 900 608 948 plerumque
628 911 769 950 genere
793 898 932 935 fuisse:
964 900 1097 936 Aldum
1116 898 1245 943 enim,
1275 899 1401 947 parti-

106 953 240 988 culam
262 959 469 1003 negantem
497 954 773 999 omittentem,
806 955 906 989 bene
934 955 987 991 H.
1010 954 1185 1003 Stephan.
1211 965 1258 991 ex
1283 954 1400 991 Codi-

105 1019 199 1043 cum
224 1009 476 1045 consensione
497 1009 681 1046 correxit.
712 1009 889 1047 WESS.

168 1062 228 1099 16.
256 1061 396 1105 ἄγγελοι
414 1063 510 1111 ‘nugax‘
531 1059 770 1112 Ἀλεξάνδρου)
805 1065 993 1099 Venientes
1013 1063 1058 1099 ab
1076 1064 1288 1100 Alexandro
1309 1077 1400 1100 nun-

106 1117 165 1152 cii.
202 1116 321 1153 Istius
339 1120 563 1162 Alexandri,
584 1124 775 1166 tanquam
799 1119 1013 1160 Φιλέλλκνος,
1041 1117 1104 1153 sed
1125 1118 1248 1153 huius
1269 1118 1401 1166 inpri-

104 1170 182 1207 mis
199 1171 397 1216 beneficii,
416 1172 571 1220 saepius
582 1172 843 1208 Athenienses
860 1171 960 1221 grati
977 1172 1265 1210 meminerunt.
1289 1175 1400 1209 Hanc

104 1224 267 1273 respicit
296 1228 476 1263 Herodoti
507 1227 802 1270 narrationem,
831 1238 877 1263 ex
903 1228 1079 1263 Damaste
1101 1228 1255 1264 diversa
1281 1238 1401 1276 quae·

102 1279 195 1316 dam
225 1280 471 1326 admiscens,
505 1282 613 1318 inter
643 1281 857 1319 Socraticas
885 1281 1085 1329 Epistolae
1116 1284 1178 1319 28.
1209 1283 1398 1329 scriptor,

102 1334 288 1372 adversus
306 1337 502 1373 Isocratem
525 1336 573 1373 ad
591 1336 827 1384 Philippum
856 1336 989 1372 datae:
1018 1339 1248 1386 Speusippum
1266 1342 1400 1373 aucto-‘-

105 1402 190 1426 rem
210 1390 278 1426 dat
295 1392 340 1428 L.
354 1394 489 1428 Allatii
510 1391 614 1427 haud
635 1391 806 1427 absurda
827 1391 1078 1434 coniectura3
1099 1391 1165 1427 cui
1186 1390 1398 1439 quidpiam

105 1445 322 1482 obmovisse
337 1447 555 1482 Pearsonum
578 1446 620 1481 in
641 1449 679 1482 V
682 1445 768 1481 ind.
787 1447 911 1494 Ignat.
928 1450 999 1480 aut
1019 1447 1217 1482 Bentleium
1237 1445 1279 1480 in
1297 1446 1399 1482 Diss-

102 1499 151 1534 de
174 1499 298 1546 Epist.
323 1501 475 1537 Phalar.
501 1513 581 1536 non
610 1500 768 1547 opinor.
804 1501 863 1536 De
886 1500 1068 1536 Isocrate.-
1096 1501 1301 1545 Debuerat,
1336 1499 1400 1535 in-

105 1553 198 1602 quit
230 1555 452 1591 malevolus
482 1555 576 1599 ille,
611 1553 672 1597 τοὶς
702 1551 912 1602 Ἀλεξάνδρου
946 1555 1008 1591 τοῦ
1037 1555 1097 1592 σοῦ’
1123 1553 1302 1602 προγόνου,
1335 1556 1394 1592 καὶ

105 1609 169 1645 τῶν
198 1604 311 1646 σ’ἶλλων
341 1608 404 1652 τοὶς
434 1610 474 1652 εἷς
498 1608 555 1650 τνῘν
581 1605 735 1646 Ἐλλάδα
762 1609 933 1651 γενομένας
961 1606 1139 1656 εὐεργεσίαις
1171 1607 1395 1651 ἐξαγγέλλειν.

107 1662 221 1709 Quod
253 1663 433 1711 primum
464 1664 538 1699 ille
565 1663 678 1711 ponit
710 1663 973 1704 beneficium3
1002 1663 1146 1712 legatos
1168 1663 1397 1699 Alexander

104 1716 221 1753 Darii
253 1717 384 1766 (hunc
413 1718 566 1763 dicere,
602 1730 683 1753 non
710 1720 868 1754 Xerxen
899 1714 1095 1768 debebat)
1127 1717 1399 1754 contrucidari

103 1771 247 1816 iussit,
272 1773 378 1809 haud
411 1785 627 1822 sanequam
653 1778 700 1808 ut
726 1772 882 1809 Graecis
911 1772 1233 1820 gratificaretur,
1261 1772 1324 1808 sed
1354 1777 1400 1809 ut

105 1826 368 1863 ulcisceretur
388 1827 586 1864 iniuriam
611 1827 688 1863 sibi
716 1827 879 1875 suisque
901 1826 1063 1862 factam:
1095 1824 1220 1874 ὕστερον
1242 1823 1296 1868 δὲ,
1329 1827 1398 1862 ad-

104 1881 185 1926 dit,
211 1881 455 1928 στασικξόντων
483 1882 834 1930 (scribendum-ne
851 1878 1148 1931 πλῆσιοιξᾶντων,)
1181 1881 1245 1917 τῶν
1264 1879 1399 1928 βαρβά-

107 1952 163 1985 ρων
183 1934 380 1979 οἷ”Ελλκνες
398 1937 449 1973 ἐστὶ
471 1935 511 1974 ro*
534 1936 680 1984 ἦμέν-ερον
702 1935 802 1985 (leg.
822 1934 996 1983 ὑμέτερον)
1025 1933 1219 1982 ξΗροέκλειον
1245 1933 1398 1975 α’πῆντκ·

107 2001 184 2028 σοιν·
211 1988 423 2038 Ἀλεξάνδρου
443 1988 472 2028 δὲ
492 1989 550 2031 τὴν
570 2012 587 2019 ·
606 2011 623 2018 -
643 1992 826 2029 Θετταλῶν
851 1987 1020 2037 προδοσίαν
1043 1993 1110 2032 τοῖς
1124 1987 1269 2029 ’Ἕλλησι
1296 1987 1399 2029 duvii-

109 2060 245 2087 σοιντος,
268 2044 498 2091 οἷναξεύξκντες
517 2046 545 2083 οἱ
557 2043 716 2089 ’Ἕλληνες
735 2042 773 2082 δι’
792 2040 1001 2090 Ἀλέξανδρον
1021 2042 1205 2084 {faiho-av:
1238 2042 1398 2079 tandem

108 2098 267 2135 subdit:
296 2103 356 2137 καί
375 2116 424 2137 τοι
439 2098 561 2138 τούτων
581 2100 664 2147 χρῆν
683 2099 730 2143 mi
747 2097 845 2143 μόνον
864 2094 1034 2146 Ἡρόδοτον
1056 2100 1114 2134 καὶ
1129 2095 1318 2138 Δαμάστην
1336 2113 1398 2138 με·

108 2153 249 2197 μνῆσθοιι
277 2154 339 2190 τῶν
365 2153 570 2199 εὐεργεσιῶν,
595 2155 657 2190 sed
686 2160 743 2199 et,
776 2153 965 2190 secundum
997 2166 1098 2189 suam
1126 2154 1257 2200 legem,
1291 2154 1400 2188 Artis

109 2210 292 2244 oratoriae
321 2210 538 2257 scriptorem
555 2223 569 2253 ‚·
607 2214 830 2256 postrema,
863 2206 907 2242 in
943 2205 1066 2243 istum
1103 2206 1204 2242 olim
1238 2217 1398 2242 sensum

106 2262 275 2310 scripta,
296 2262 432 2312 nigrae
451 2269 545 2300 sunt
568 2263 749 2312 loliginis
775 2263 890 2311 plena
908 2288 917 2305 ,
950 2272 1079 2310 neque
1102 2262 1294 2310 Speusippo
1319 2260 1399 2296 dis-

106 2317 364 2353 conveniunt.
427 2319 486 2354 De
517 2319 696 2354 Heracle'o
728 2315 1000 2361 Macedoniae,
1034 2315 1163 2363 deque
1195 2317 1396 2359 Heraclea,

105 2373 146 2407 in
169 2371 349 2410 radicibus
382 2373 493 2410 Oetae
518 2375 648 2411 montis
677 2375 774 2419 sita,
806 2372 871 2408 hic
902 2382 983 2407 non
1015 2376 1072 2407 est
1100 2369 1241 2420 agendi
1273 2371 1397 2407 loeus.

109 2427 321 2464 VALCK.
