1718 2919
340 238 434 279 AD
473 237 857 277 HERODOT.
901 237 1175 287 VL42-44.
1330 240 1402 288 167

205 338 367 381 CAP.
386 336 571 380 XLIII.
595 340 631 377 5.
650 339 777 378 πολλόν
801 337 832 377 δὲ
860 335 1098 390 ναυτικόν)
1120 340 1199 377 Vir
1222 352 1406 376 summus

112 398 163 435 Is.
200 397 431 434 casaubonus
465 394 605 443 στξατδν
644 395 752 430 hunc
789 392 940 432 ναυτικδν
975 400 1077 430 recte
1113 395 1406 443 interpretatur

112 458 235 501 aptum
248 452 298 488 ad
311 451 598 488 conscendendas
620 463 745 493 naves,
765 449 811 484 ad
831 448 1000 485 strabon.
1020 449 1093 485 lib.
1110 452 1137 486 I.
1154 463 1192 498 p.
1214 451 1276 486 82.
1300 446 1404 501 [pag.

115 516 179 554 47.
194 505 255 543 ed.
271 503 378 555 Cas.]
405 511 596 554 sequente
610 506 769 541 Stanleio
791 504 833 539 in
855 504 1030 555 Aeschyli
1049 506 1147 541 Pers.
1172 517 1226 541 vs.
1244 505 1306 548 54.
1329 507 1405 542 Ne—

112 573 192 610 que
210 560 320 597 enim
347 572 462 598 naves
485 573 565 596 una
589 572 682 596 cum
707 558 841 595 nautis
861 558 1094 596 Mardonius
1115 571 1163 595 ex
1185 559 1339 595 Perside
1359 559 1404 603 in

113 615 301 655 Ciliciam
317 616 460 651 ducere
477 614 622 652 valuit.
650 614 769 650 Refer
787 613 866 649 huc
884 626 968 662 cap.
983 614 1048 664 95.
1069 613 1239 663 prodita.
1270 615 1405 650 Genus

112 672 299 709 Mardonii
324 683 368 706 ac
393 669 501 707 inter
521 671 651 706 Persas
675 668 954 705 auctoritatem
979 682 1059 705 non
1086 668 1295 717 praeteriit
1314 670 1405 705 Dio-

112 727 219 762 dorus
242 725 317 762 lib.
334 727 402 762 XI.
422 739 455 763 1.
478 724 661 763 W-ESS.

173 793 185 815 ι
201 793 232 818 1.
263 781 464 827 παραπλέων
491 778 548 819 τνῖν
572 775 709 826 Ἀσίην)
734 776 847 822 Fuit,
870 777 937 814 cui
962 776 1034 812 hoc
1057 777 1174 814 valde
1194 778 1402 826 ineptum:

111 845 190 871 esse
209 835 319 870 enim
343 834 496 871 Ioniam
520 833 640 870 Asiae
661 838 812 881 partem
827 858 836 876 ,
858 843 928 868 nec
955 843 1063 879 posse
1082 831 1227 878 illum,
1257 833 1330 882 qui
1354 833 1404 870 ad

110 889 264 926 Ioniam
294 889 482 937 adpellit,
509 888 589 924 dici
621 888 934 936 παραπεπλευκέναι
963 885 1020 927 τήν
1048 886 1183 930 Ἀσίην,
1223 888 1283 924 uti
1307 888 1405 924 scri-

111 950 228 993 ptum
256 944 339 980 hic:
371 949 567 993 praestare
596 948 803 990 propterea
828 940 885 981 viv
916 943 1058 988 Καρίην,
1091 942 1245 990 quippe
1271 943 1405 980 Ioniae

111 999 286 1036 vicinam
312 1004 351 1034 et
373 1011 419 1034 ex
440 998 587 1035 Cilicia
606 995 810 1046 naviganti
834 996 1072 1032 obeundam.
1113 999 1170 1034 At
1187 998 1258 1034 hoc
1279 998 1404 1035 nimis

110 1060 168 1090 est
186 1065 332 1102 sapere.
370 1056 427 1091 Ex
454 1052 600 1090 Cilicia
623 1052 666 1087 in
690 1051 844 1088 Ioniam
866 1051 1108 1087 tramittenti
1135 1053 1405 1100 praeternavi-

107 1115 228 1159 gatur
248 1109 480 1156 Pamphylia
500 1107 718 1156 Lyciaque,
738 1117 840 1155 quae
865 1113 1037 1154 utraque
1063 1120 1136 1143 cur
1162 1108 1402 1145 coniectanti

109 1163 344 1214 negligitur.
380 1165 526 1208 Verbo,
550 1163 758 1199 Herodotus
777 1159 825 1198 τοὶ
842 1160 938 1199 κάτω
955 1163 1013 1204 τῆς
1033 1162 1143 1205 Ἀσίης
1156 1188 1166 1205 ,
1190 1162 1234 1198 in
1252 1163 1403 1211 quibus

112 1221 229 1256 Cares
249 1225 287 1255 et
305 1218 414 1266 Lycii
436 1218 510 1254 lib.
534 1220 564 1255 Ι.
590 1230 699 1264 177.7
724 1217 924 1264 spectavit.
956 1217 1136 1255 WESS.

173 1274 232 1310 15.
260 1272 334 1316 τούς
350 1272 417 1321 ’γάρ
435 1271 604 1322 τυράννους
621 1273 686 1309 τῶν
707 1270 820 1308 Ἰώνων
842 1268 1172 1322 καταπαύσας)
1200 1273 1259 1315 ”rig
1289 1289 1404 1320 rufau-

110 1324 186 1372 νίδος
210 1340 375 1376 nempe,
391 1329 454 1364 vel
481 1328 540 1370 τῆς
568 1325 690 1375 α’ρχῖς.
734 1325 827 1370 Sed,
857 1325 889 1362 si
915 1325 1017 1362 forte
1039 1327 1200 1362 variant
1219 1327 1401 1374 Codices,

107 1382 237 1429 illud,
266 1395 318 1419 an
342 1380 561 1425 καταλύσας,
582 1381 779 1429 posuerit,
798 1380 865 1417 vix
888 1381 1079 1417 constitui
1100 1382 1265 1430 poterit:
1289 1383 1403 1430 prius

108 1439 352 1487 plerumque
381 1438 498 1485 plene
521 1436 676 1472 dieitur
706 1437 913 1480 Herodoto,
947 1439 1173 1474 καταπαῦσαι
1205 1437 1263 1479 τῆς
1293 1436 1401 1486 α’ρχῆς

107 1490 254 1536 Μήδους·
283 1493 509 1530 καταπαῦσαι
528 1489 721 1539 Δημάρητον
745 1491 804 1533 τῆς
821 1489 1008 1532 &amazias
1039 1490 1148 1538 α’ρχῖίς
1170 1491 1274 1538 Κῦρον
1289 1508 1400 1529 κατα-

109 1545 241 1585 παύειν.
272 1548 382 1584 Dum
408 1548 520 1583 Persa
545 1545 777 1583 Mardonius
802 1545 845 1581 in
872 1545 984 1582 Ionia
1013 1542 1235 1594 δημοκρατίας
1252 1548 1401 1584 κατίστα

99 1602 138 1644 γές
163 1600 225 1645 τοὶς
254 1600 399 1644 πόλιας,
430 1601 558 1638 videri
582 1600 722 1636 debuit
747 1599 902 1637 Graecis
931 1612 974 1636 ea
1006 1612 1063 1636 res
1084 1600 1227 1638 secund
1238 1613 1304 1636 um
1325 1603 1402 1637 He-

106 1658 273 1692 rodotum
300 1656 369 1693 vix
395 1655 618 1699 credibilis;
652 1655 750 1703 quia
778 1656 898 1704 Reges
927 1661 1048 1703 atque
1075 1654 1249 1703 imperio
1276 1656 1400 1704 regali

105 1711 259 1748 adsueti
288 1712 522 1759 popularem
544 1709 752 1760 regiminis
771 1709 941 1746 formam
960 1709 1004 1745 in
1027 1708 1260 1746 civitatibus
1279 1709 1401 1747 liber-

106 1770 187 1802 tate
215 1765 295 1802 usis
323 1766 378 1802 sic
405 1768 647 1815 plerumque
678 1765 898 1801 voluerunt
925 1770 1145 1809 mutatam,
1182 1771 1227 1800 ut
1259 1766 1399 1801 saltem

107 1832 225 1870 penes
246 1833 388 1869 paucos
407 1827 503 1858 esset
528 1819 749 1868 imperium
763 1846 772 1864 ,
789 1832 887 1868 quos
906 1819 1013 1856 dicto
1032 1819 1194 1861 facilius
1208 1819 1401 1857 haberent

105 1875 344 1912 obedientes.
385 1877 508 1913 Paulo
536 1881 623 1924 post
648 1871 739 1925 [lin.
764 1871 848 1925 ioh]
878 1874 1114 1911 restituetur
1140 1874 1312 1919 συνελέχθη
1341 1878 1398 1919 μὲν

59 1950 61 1953 ·
106 1932 228 1979 χρῆμα
248 1930 410 1969 πολλδν
432 1932 516 1968 νεῶν.
538 1932 749 1967 VALCK.
780 1949 830 1956 -—
860 1929 965 1967 Vide
988 1930 1078 1966 Var.
1098 1931 1198 1966 Lect.
1226 1927 1272 1966 S.

217 1983 362 2025 CAP·
390 1983 575 2025 LXIV·
607 1999 644 2032 7.
673 1983 718 2022 τοὶ
749 1982 814 2032 γοὶρ
840 1983 957 2027 ἐντδς
984 1980 1211 2031 Μακεδόνων)
1249 1983 1399 2021 Littera

106 2045 263 2077 :mutata
287 2039 334 2079 τιὶ
363 2040 430 2090 γάρ
455 2039 549 2084 ἔκτδς
577 2046 677 2078 Μακ.
706 2039 770 2075 vir
795 2038 1002 2081 eruditus;
1036 2050 1212 2087 namque
1242 2051 1400 2089 progre-

108 2093 236 2131 dienti
254 2107 275 2131 e
295 2095 458 2133 Graecia
485 2098 585 2131 intra
611 2095 863 2131 Macedoniam
882 2092 990 2143 (ἐντδς
1009 2090 1159 2141 Μακεδ.)
1199 2094 1400 2131 Thessalos

109 2159 206 2193 esse,
229 2157 334 2187 extra
354 2162 446 2188 vero
463 2151 629 2186 Thraces
651 2155 689 2185 et
710 2151 842 2186 Getas:
867 2160 959 2185 vere
978 2148 1164 2197 quidem:
1193 2148 1279 2194 sed,
1298 2149 1398 2198 quid

110 2203 143 2239 si
167 2205 383 2252 Bosporum
401 2205 617 2242 Thracium
646 2210 717 2240 aut
735 2205 1039 2252 Hellespontum
1062 2203 1397 2248 transfretaveris,

111 2263 300 2295 erunt-ne
345 2260 439 2305 ἐκτός
477 2257 677 2298 Μακεδόνων
711 2259 876 2296 Thraces
919 2258 1104 2307 plerique
1144 2265 1309 2295 omnes?
1356 2259 1399 2296 Id

109 2324 226 2349 nemo
244 2313 528 2352 adfirmaverit.
564 2315 688 2350 Oram
710 2319 847 2350 autem
875 2312 1126 2361 Propontidis
1151 2315 1397 2361 Europaeam

109 2367 319 2417 ipsamque
342 2370 550 2407 Thraciam
580 2368 704 2405 Dario
733 2368 934 2416 paruisse,
968 2379 1014 2404 ex
1042 2368 1262 2416 superioris
1298 2368 1397 2404 libri

111 2434 143 2460 c.
166 2423 230 2459 25.
249 2429 287 2460 et
303 2424 376 2460 lib.
391 2427 475 2462 VII.
506 2425 593 2460 106.
618 2429 869 2472 conpertum.
899 2423 1076 2461 WESS.

174 2478 236 2515 13.
263 2478 344 2527 πρδς
364 2476 578 2528 τδν”Αθων)
608 2481 759 2515 Iterum
779 2476 859 2526 πρές
877 2476 935 2516 τᾶν
949 2476 1053 2528 ’Άθφν
1068 2479 1153 2516 VII.
1177 2490 1240 2514 21.
1259 2488 1401 2526 quam-
