1718 2919
273 203 370 242 AD
411 201 818 242 HERODOT.
856 201 937 241 ΙΧ.
967 213 1127 253 41-45·
1276 205 1351 243 261

69 304 233 344 Critone
255 307 419 343 Platonis
447 319 485 354 p.
516 306 580 351 45.
600 319 637 342 Α.
668 307 842 343 Isocratis
866 308 1021 354 Trapez.
1049 321 1087 355 p.
1113 307 1204 352 564.
1223 320 1254 344 c.
1281 309 1356 345 Xe-

67 362 178 410 noph.
208 359 325 400 'Amfi-
356 364 441 398 VII.
475 373 511 408 p.
542 361 638 408 237,
670 372 735 407 40.
767 367 805 397 et
840 361 1071 409 frequenter
1099 362 1205 410 apud
1242 363 1355 401 alios.

66 416 219 452 Lucian.
238 417 279 450 T.
300 417 328 451 Ι.
349 428 386 463 Ρ.
406 427 518 463 727.7
542 413 582 452 ‘to‘
606 413 742 463 μακροέν
767 417 891 464 χαίρειν
911 414 1038 464 φράσαι
1060 415 1100 454 το“
1124 418 1242 460 μηκέτι
1265 426 1357 465 Φραγ-

65 472 143 507 ‘tastu
171 468 271 509 δηλοῖ.
302 473 339 506 V
341 471 517 507 ALCK.

177 521 323 563 CAP.
353 521 510 563 XLII.
541 524 577 560 6.
617 522 657 567 οἷς
682 521 1037 573 διαφθαρέοντοιι)
1080 525 1275 562 Oblatum
1309 537 1355 562 ex

58 577 226 628 'seriptis
254 576 494 626 διαφθορεῧνται
527 578 655 615 forma
677 579 968 615 conmendatur
991 579 1145 625 Ionica,
1178 585 1219 616 at
1247 581 1357 617 locus

64 631 133 668 illi
160 633 202 668 in
222 633 345 669 Musis
378 634 538 669 nullus:
571 645 690 680 quem
721 633 830 669 enim
858 640 1069 682 occuparat
1090 634 1162 670 lib.
1184 636 1212 671 Ι.
1236 636 1298 671 88.
1318 640 1357 672 et

63 689 153 725 Vll.
173 700 218 723 10
239 694 413 724 extremo
427 715 436 731 7
461 688 554 723 inde
570 688 761 724 Codicum
782 689 954 737 imperio
974 688 1134 726 decidit.
1172 691 1356 738 Stephano

64 748 263 790 praeterea
281 742 347 778 vix
366 742 557 779 credibile
575 743 639 788 fit,
659 740 846 791 ὃιαεθςξέειν
861 745 1041 780 Herodoti
1057 744 1189 780 seculo
1212 745 1256 779 in
1280 757 1354 781 usu

64 795 188 833 fuisse
203 823 213 841 ‚
234 798 450 847 Prolegom.
469 811 505 845 p.
528 798 640 844 737..
662 798 821 834 fortasse
848 799 965 834 nullo
989 799 1091 835 iure.
1134 799 1356 847 Amplexus

64 856 197 888 tamen
228 864 342 896 sum,
370 852 476 900 quod
506 851 579 888 lib.
606 854 708 890 VIII.
741 854 829 889 108.
851 853 1140 903 integrabatur.
1172 855 1355 891 WESS.

66 925 118 933 -—
150 906 254 943 Vide
276 907 365 942 Var.
382 909 481 943 Lect.
517 908 725 944 Caeterum
740 933 750 953 7
774 907 806 943 si
831 907 923 956 quis
947 921 1039 945 cum
1061 910 1190 944 Wess.
1217 905 1357 951 διαφθα-

63 961 184 1009 ρέσνται
217 961 530 1009 praeoptaverit,
555 961 794 1010 neutiquam
829 963 864 998 ei
894 963 1080 1011 equidem
1104 963 1353 1000 obluctabor.

64 1016 181 1052 Cons.
208 1017 297 1052 Var.
315 1018 416 1053 Lect.
440 1016 484 1052 in
508 1016 581 1052 lib.
600 1020 652 1053 V.
676 1018 738 1061 51,
765 1018 824 1054 13.
858 1017 902 1055 S.

126 1071 186 1107 18.
216 1070 256 1113 ὦς
281 1072 517 1116 περιεσομένους
542 1069 648 1114 ἦμέας
674 1070 861 1120 Ἑλλήνων)
896 1070 1065 1119 Quaerit
1095 1071 1161 1108 vir
1192 1071 1352 1116 doctus,

61 1124 170 1160 unde
191 1130 380 1174 regantur
398 1125 438 1160 hi
460 1125 669 1161 accusandi
689 1132 826 1162 casus?
856 1127 922 1163 An
947 1125 1210 1174 participium
1225 1126 1353 1163 vicem

62 1180 260 1225 περιέσεσθαι
287 1179 504 1229 fungatur?
534 1193 631 1228 quo,
651 1179 751 1216 citra
773 1193 955 1217 caussam.
971 1185 1102 1228 spreto
1117 1207 1127 1225 ,
1149 1180 1190 1224 ὥς
1207 1179 1355 1229 περιεσό-

61 1248 149 1275 μενοι
175 1232 268 1275 ἧμέες
288 1232 450 1275 Ἑλλήνων
477 1248 547 1282 pro
566 1240 672 1271 certo
692 1239 821 1282 putat.
851 1237 958 1284 Quas
975 1234 1162 1283 equidem
1183 1234 1353 1271 fluctua-

61 1287 189 1324 tiones
206 1287 404 1331 demiror;
426 1289 507 1325 sive
525 1289 633 1325 enim
656 1289 762 1338 quod
784 1289 857 1325 ille
874 1290 1186 1338 aspernabatur,
1207 1289 1352 1339 eligam,

58 1341 143 1378 sive
171 1342 395 1379 absolutam
429 1343 546 1380 malis
576 1349 819 1380 structuram
839 1370 849 1388 ‚
872 1357 952 1392 qua
974 1343 1022 1379 de
1049 1356 1170 1392 supra
1195 1356 1227 1380 c.
1255 1357 1290 1381 2.
1313 1350 1352 1383 et

61 1397 171 1433 Clar.
190 1398 389 1435 Gronovius
407 1399 453 1434 ad
482 1399 553 1435 lib.
573 1401 618 1434 Π.
636 1399 722 1443 66.7
742 1411 844 1446 quae
863 1398 1082 1434 haesitandi
1104 1398 1233 1434 ratio?
1261 1401 1352 1435 Pro-

59 1450 219 1487 ximum
267 1452 409 1500 εὐκρινέα
446 1453 606 1491 ποιέεσθαι
639 1449 728 1503 [lin.
762 1454 850 1500 20.]
893 1453 1104 1490 Eustathius
1146 1453 1195 1488 ad
1234 1454 1351 1490 Iliad.

58 1518 99 1554 p.
118 1506 189 1556 961
206 1532 216 1549 ,
237 1507 273 1542 6.
300 1503 362 1557 [p.
386 1515 477 1556 942,
498 1517 562 1557 49.
581 1507 640 1545 ed.
662 1504 770 1558 Bas.]
800 1508 1026 1544 illuminat.
1057 1508 1229 1546 WESS.

169 1558 313 1600 CAP.
346 1559 531 1600 XLIII.
566 1574 625 1598 12.
652 1565 711 1599 καὶ
731 1560 993 1609 Γλίσαντος)
1022 1564 1200 1599 Homerus
1222 1563 1350 1600 Catal.

59 1627 116 1653 vs.
142 1628 155 1650 1
169 1628 201 1651 1.
227 1618 441 1658 Γλίσσαντκ,
465 1616 687 1665 itidemque
704 1618 827 1666 Steph.
845 1618 935 1666 Byz.
953 1618 1124 1654 Eustath.
1149 1622 1188 1652 et
1210 1617 1349 1654 Plinius

57 1670 255 1706 scribunt.
284 1670 345 1707 Ad
367 1673 499 1708 Nostri
519 1671 761 1719 scripturam
780 1673 983 1708 Pausanias
1001 1683 1079 1707 sese
1096 1672 1350 1713 acconmoda-

57 1725 119 1762 vit
143 1725 216 1761 lib.
235 1727 302 1761 IX.
329 1738 341 1760 1
354 1739 389 1775 9.
407 1731 446 1762 et
462 1727 593 1775 Papin.
611 1727 749 1762 Statius
765 1726 886 1762 Theb.
901 1729 989 1763 VII.
1007 1726 1098 1763 306.
1119 1726 1157 1762 hi
1177 1727 1352 1765 deseruis-

56 1792 95 1816 se
130 1785 278 1816 eruntur
294 1781 428 1817 Exilem
450 1782 641 1826 Glisanta,
669 1781 947 1830 Coroniamque,
956 1778 1121 1828 feracem
1139 1784 1256 1818 Messe
1280 1782 1351 1819 Cae-

56 1836 221 1879 roniam,
243 1835 388 1871 Baccho
414 1836 586 1872 Glisanta
607 1838 775 1872 colentes.
814 1836 1013 1873 Variatur
1041 1841 1079 1871 et
1100 1835 1143 1871 in
1162 1835 1349 1874 vocabuli

58 1893 174 1930 tono;
204 1901 324 1936 quem
348 1889 558 1940 Sylburgius
581 1891 629 1926 ad
649 1892 809 1927 Pausan.
834 1903 869 1938 p.
894 1903 986 1936 722.
1012 1895 1050 1926 et
1070 1891 1115 1927 L.
1136 1892 1352 1937 Holstenius

56 1942 103 1978 in
133 1944 257 1992 Steph.
283 1945 373 1996 Byz.
399 1957 479 1980 non
505 1944 729 1994 negligunt.
762 1945 944 1983 WESS.
974 1964 1025 1971 ——
1063 1946 1215 1992 Nempe
1232 1951 1348 1985 acute

57 1997 186 2041 Γλισοὶς
202 2004 274 2034 aut
289 1998 456 2041 Γλισο-οὶς,
479 1997 660 2042 Tmo-duros·
676 2004 748 2035 aut
765 1997 967 2042 Γλισσοὲντος
985 1998 1168 2035 scribunt
1184 1999 1273 2037 alii.
1302 1998 1348 2040 S.

168 2050 313 2092 CAP.
333 2051 517 2091 XLIV.
549 2054 584 2089 3.
614 2053 654 2096 ὥς
681 2051 711 2091 δὲ
736 2052 877 2102 πρόσω
901 2054 973 2096 τῆς
1003 2052 1153 2096 ivm-,0¹5
1175 2053 1347 2102 προελή-

57 2105 188 2155 λατο)
230 2107 383 2144 Arrisit
409 2106 634 2155 προσ-ελνῖλατο
663 2108 757 2144 Cod.
776 2108 894 2145 Arch.
922 2107 1197 2148 eruditissimo
1213 2110 1346 2154 Pario,

53 2162 249 2207 vertenti,
279 2169 318 2198 ut
341 2165 463 2210 Prima
481 2176 570 2211 pars
589 2164 704 2198 noctis
729 2164 946 2199 adventarat
954 2176 966 2207 ;
994 2174 1073 2199 esse
1095 2162 1205 2200 enim
1232 2161 1346 2209 πρόσω

53 2222 127 2253 aut
146 2215 187 2254 τδ
208 2215 321 2264 πρόσω
335 2219 490 2265 primam
503 2224 646 2266 partem
666 2217 738 2253 hoc
758 2218 855 2253 loco.
898 2220 953 2254 At
974 2215 1079 2253 istud
1101 2217 1173 2254 lib.
1188 2219 1234 2253 ΙΙ.
1258 2230 1345 2262 121,

53 2278 100 2314 4.
119 2270 343 2316 considera,
365 2271 406 2314 ὥς
420 2270 558 2319 πρόσω
577 2266 612 2310 ἧν
631 2273 692 2314 τῆς
711 2269 844 2315 νυκτόςε
867 2278 905 2308 et
923 2273 986 2308 ΙΙΙ.
1010 2271 1072 2308 56-
1092 2271 1121 2314 ἐς
1141 2270 1180 2309 τὲ
1201 2287 1251 2320 πρ
1265 2270 1343 2309 σ’σω

54 2340 91 2362 τε
111 2322 196 2362 οὐδὲν
215 2323 455 2373 προεκόπτετοτ
481 2325 674 2362 neutrubi
690 2327 846 2374 primam
860 2332 1004 2376 partem
1023 2325 1232 2362 indicabit.
1267 2327 1344 2363 No-

48 2384 118 2426 ¹tae
155 2379 277 2415 etiam
317 2380 534 2416 admodum
570 2381 794 2416 formulae:
829 2379 849 2420 ἦ
884 2378 942 2424 νύξ
967 2379 1147 2427 προέκοψεν
1176 2382 1213 2417 S.
1239 2381 1344 2417 Paul.

53 2433 178 2482 Epist.
198 2434 246 2471 ad
267 2435 380 2472 Rom.
409 2447 444 2473 c.
470 2436 548 2482 13,¹
566 2447 627 2474 12.
661 2435 854 2474 Heliodori
879 2434 998 2476 Aeth.
1030 2435 1060 2475 I·
1085 2447 1124 2484 p.
1151 2435 1214 2472 26.
1243 2433 1284 2472 τό
1310 2449 1345 2470 τε
