<?xml version="1.0" encoding="UTF-8"?>
<!DOCTYPE html PUBLIC "-//W3C//DTD XHTML 1.0 Transitional//EN"
    "http://www.w3.org/TR/xhtml1/DTD/xhtml1-transitional.dtd">
<html xmlns="http://www.w3.org/1999/xhtml" xml:lang="en" lang="en">
 <head>
  <title>
</title>
<meta http-equiv="Content-Type" content="text/html;charset=utf-8" />
  <meta name='ocr-system' content='tesseract 3.04.00' />
  <meta name='ocr-capabilities' content='ocr_page ocr_carea ocr_par ocr_line ocrx_word'/>
</head>
<body>
  <div class='ocr_page' id='page_1' title='image "./musaesivehistori06hero_0344.png"; bbox 0 0 1718 2919; ppageno 0'>
   <div class='ocr_carea' id='block_1_1' title="bbox 319 189 1357 245">
    <p class='ocr_par' dir='ltr' id='par_1_1' title="bbox 319 189 1357 245">
     <span class='ocr_line' id='line_1_1' title="bbox 319 189 1357 245; baseline -0.006 -8"><span class='ocrx_word' id='word_1_1' title='bbox 319 194 400 245; x_wconf 79' lang='lat'><em>3³4</em></span> <span class='ocrx_word' id='word_1_2' title='bbox 601 189 1357 236; x_wconf 75' lang='lat' dir='ltr'><strong>ADNOTATIONES</strong></span> 
     </span>
    </p>
   </div>
   <div class='ocr_carea' id='block_1_2' title="bbox 316 294 1667 2280">
    <p class='ocr_par' dir='ltr' id='par_1_2' title="bbox 317 294 1627 622">
     <span class='ocr_line' id='line_1_2' title="bbox 317 294 1624 346; baseline -0.002 -10"><span class='ocrx_word' id='word_1_3' title='bbox 317 310 378 336; x_wconf 87' lang='lat' dir='ltr'><em>ces</em></span> <span class='ocrx_word' id='word_1_4' title='bbox 404 295 601 334; x_wconf 85' lang='lat' dir='ltr'><em>exereitus</em></span> <span class='ocrx_word' id='word_1_5' title='bbox 625 294 797 346; x_wconf 64' lang='grc' dir='ltr'><em>Ἀρσάμης</em></span> <span class='ocrx_word' id='word_1_6' title='bbox 820 300 1071 332; x_wconf 86' lang='lat' dir='ltr'><em>memoratur</em></span> <span class='ocrx_word' id='word_1_7' title='bbox 1096 295 1280 346; x_wconf 81' lang='lat' dir='ltr'><em>Aeschylo</em></span> <span class='ocrx_word' id='word_1_8' title='bbox 1303 296 1403 332; x_wconf 85' lang='lat' dir='ltr'><em>Pers.</em></span> <span class='ocrx_word' id='word_1_9' title='bbox 1422 307 1476 332; x_wconf 84' lang='lat' dir='ltr'><em>vs.</em></span> <span class='ocrx_word' id='word_1_10' title='bbox 1500 294 1562 339; x_wconf 80' lang='lat'><em>37.</em></span> <span class='ocrx_word' id='word_1_11' title='bbox 1583 295 1624 333; x_wconf 70' lang='lat' dir='ltr'><em>el</em></span> 
     </span>
     <span class='ocr_line' id='line_1_3' title="bbox 319 349 1623 401; baseline -0.004 -10"><span class='ocrx_word' id='word_1_12' title='bbox 319 355 413 391; x_wconf 78' lang='lat'><strong>308.</strong></span> <span class='ocrx_word' id='word_1_13' title='bbox 441 353 656 391; x_wconf 72' lang='lat' dir='ltr'><em>casaubono</em></span> <span class='ocrx_word' id='word_1_14' title='bbox 684 351 792 388; x_wconf 86' lang='lat' dir='ltr'><em>idem</em></span> <span class='ocrx_word' id='word_1_15' title='bbox 815 363 894 388; x_wconf 87' lang='lat' dir='ltr'><em>esse</em></span> <span class='ocrx_word' id='word_1_16' title='bbox 922 350 1136 388; x_wconf 81' lang='lat' dir='ltr'><em>videbatur</em></span> <span class='ocrx_word' id='word_1_17' title='bbox 1161 352 1336 401; x_wconf 82' lang='lat' dir='ltr'><em>Polyaeni</em></span> <span class='ocrx_word' id='word_1_18' title='bbox 1363 349 1529 398; x_wconf 60' lang='grc' dir='ltr'><em>Ἀρτάβης</em></span> <span class='ocrx_word' id='word_1_19' title='bbox 1557 350 1623 387; x_wconf 72' lang='lat' dir='ltr'><em>vel</em></span> 
     </span>
     <span class='ocr_line' id='line_1_4' title="bbox 321 405 1624 456; baseline -0.004 -9"><span class='ocrx_word' id='word_1_20' title='bbox 321 406 518 456; x_wconf 63' lang='lat' dir='ltr'><em>’Apo-dung,</em></span> <span class='ocrx_word' id='word_1_21' title='bbox 541 409 646 446; x_wconf 83' lang='lat' dir='ltr'>VIII.</span> <span class='ocrx_word' id='word_1_22' title='bbox 665 420 697 443; x_wconf 88' lang='lat' dir='ltr'><em>c.</em></span> <span class='ocrx_word' id='word_1_23' title='bbox 721 408 799 448; x_wconf 78' lang='lat'><strong>28‚;</strong></span> <span class='ocrx_word' id='word_1_24' title='bbox 825 406 887 443; x_wconf 90' lang='lat' dir='ltr'><em>sed</em></span> <span class='ocrx_word' id='word_1_25' title='bbox 902 432 912 451; x_wconf 69' lang='grc'><em>,</em></span> <span class='ocrx_word' id='word_1_26' title='bbox 937 406 1009 455; x_wconf 90' lang='lat' dir='ltr'><em>qui</em></span> <span class='ocrx_word' id='word_1_27' title='bbox 1030 408 1176 443; x_wconf 83' lang='lat' dir='ltr'>Barcen</span> <span class='ocrx_word' id='word_1_28' title='bbox 1198 406 1340 442; x_wconf 81' lang='lat' dir='ltr'><em>fraude</em></span> <span class='ocrx_word' id='word_1_29' title='bbox 1359 405 1487 454; x_wconf 82' lang='lat' dir='ltr'>cepit,</span> <span class='ocrx_word' id='word_1_30' title='bbox 1513 407 1624 442; x_wconf 79' lang='lat' dir='ltr'><em>Persa</em></span> 
     </span>
     <span class='ocr_line' id='line_1_5' title="bbox 319 460 1626 505; baseline -0.003 -3"><span class='ocrx_word' id='word_1_31' title='bbox 319 464 512 502; x_wconf 75' lang='lat' dir='ltr'><em>Herodoto</em></span> <span class='ocrx_word' id='word_1_32' title='bbox 529 460 879 505; x_wconf 48' lang='lat' dir='ltr'><em>voca‘turffAnmm</em></span> <span class='ocrx_word' id='word_1_33' title='bbox 903 460 976 498; x_wconf 82' lang='lat' dir='ltr'><em>lib.</em></span> <span class='ocrx_word' id='word_1_34' title='bbox 998 465 1069 499; x_wconf 87' lang='lat' dir='ltr'><em>IV.</em></span> <span class='ocrx_word' id='word_1_35' title='bbox 1091 474 1123 498; x_wconf 89' lang='lat' dir='ltr'><em>c.</em></span> <span class='ocrx_word' id='word_1_36' title='bbox 1147 475 1237 498; x_wconf 86' lang='lat'>201.</span> <span class='ocrx_word' id='word_1_37' title='bbox 1261 467 1300 497; x_wconf 91' lang='lat' dir='ltr'><em>et</em></span> <span class='ocrx_word' id='word_1_38' title='bbox 1321 461 1411 497; x_wconf 81' lang='lat'><strong>203.</strong></span> <span class='ocrx_word' id='word_1_39' title='bbox 1444 460 1626 498; x_wconf 82' lang='lat' dir='ltr'><em>Arsamis</em></span> 
     </span>
     <span class='ocr_line' id='line_1_6' title="bbox 319 513 1627 569; baseline -0.004 -14"><span class='ocrx_word' id='word_1_40' title='bbox 319 530 534 569; x_wconf 79' lang='lat' dir='ltr'><em>germanus</em></span> <span class='ocrx_word' id='word_1_41' title='bbox 559 517 707 561; x_wconf 82' lang='lat' dir='ltr'><em>frater,</em></span> <span class='ocrx_word' id='word_1_42' title='bbox 735 517 851 554; x_wconf 82' lang='lat' dir='ltr'><em>Darii</em></span> <span class='ocrx_word' id='word_1_43' title='bbox 884 516 997 554; x_wconf 81' lang='lat' dir='ltr'><em>filius</em></span> <span class='ocrx_word' id='word_1_44' title='bbox 1021 529 1068 553; x_wconf 87' lang='lat' dir='ltr'><em>ex</em></span> <span class='ocrx_word' id='word_1_45' title='bbox 1097 518 1335 565; x_wconf 80' lang='lat' dir='ltr'><em>Artystone,</em></span> <span class='ocrx_word' id='word_1_46' title='bbox 1359 513 1532 563; x_wconf 62' lang='grc' dir='ltr'><em>Γωβρῖνς,</em></span> <span class='ocrx_word' id='word_1_47' title='bbox 1563 516 1627 551; x_wconf 90' lang='lat' dir='ltr'><em>in-</em></span> 
     </span>
     <span class='ocr_line' id='line_1_7' title="bbox 321 571 1535 622; baseline -0.004 -10"><span class='ocrx_word' id='word_1_48' title='bbox 321 576 385 612; x_wconf 84' lang='lat' dir='ltr'><em>sra</em></span> <span class='ocrx_word' id='word_1_49' title='bbox 406 576 492 612; x_wconf 89' lang='lat' dir='ltr'>VII.</span> <span class='ocrx_word' id='word_1_50' title='bbox 514 587 600 621; x_wconf 55' lang='grc' dir='ltr'><strong>μ’..</strong></span> <span class='ocrx_word' id='word_1_51' title='bbox 625 571 726 622; x_wconf 64' lang='grc' dir='ltr'><em>Βρύκς</em></span> <span class='ocrx_word' id='word_1_52' title='bbox 743 572 860 608; x_wconf 83' lang='lat' dir='ltr'><em>audit</em></span> <span class='ocrx_word' id='word_1_53' title='bbox 879 584 925 608; x_wconf 84' lang='lat' dir='ltr'><em>cx</em></span> <span class='ocrx_word' id='word_1_54' title='bbox 947 574 1180 608; x_wconf 84' lang='lat' dir='ltr'><em>membrana</em></span> <span class='ocrx_word' id='word_1_55' title='bbox 1201 573 1297 609; x_wconf 75' lang='lat' dir='ltr'><em>Med.</em></span> <span class='ocrx_word' id='word_1_56' title='bbox 1323 572 1472 609; x_wconf 86' lang='lat' dir='ltr'><em>VALC</em></span> <span class='ocrx_word' id='word_1_57' title='bbox 1486 573 1535 607; x_wconf 67' lang='grc' dir='ltr'><em>Κ.</em></span> 
     </span>
    </p>

    <p class='ocr_par' dir='ltr' id='par_1_3' title="bbox 316 625 1638 1287">
     <span class='ocr_line' id='line_1_8' title="bbox 375 625 1627 680; baseline -0.002 -15"><span class='ocrx_word' id='word_1_58' title='bbox 375 625 471 680; x_wconf 74' lang='grc'><strong>[14.</strong></span> <span class='ocrx_word' id='word_1_59' title='bbox 493 625 624 679; x_wconf 70' lang='grc' dir='ltr'>εἰκώ)</span> <span class='ocrx_word' id='word_1_60' title='bbox 644 628 748 666; x_wconf 71' lang='grc' dir='ltr'><em>εἶκοῢν</em></span> <span class='ocrx_word' id='word_1_61' title='bbox 767 626 963 675; x_wconf 87' lang='lat' dir='ltr'><em>scriptum</em></span> <span class='ocrx_word' id='word_1_62' title='bbox 982 627 1204 676; x_wconf 81' lang='lat' dir='ltr'><em>oportuisse</em></span> <span class='ocrx_word' id='word_1_63' title='bbox 1223 626 1381 663; x_wconf 87' lang='lat' dir='ltr'><em>censuit</em></span> <span class='ocrx_word' id='word_1_64' title='bbox 1396 627 1561 665; x_wconf 84' lang='lat' dir='ltr'><em>Larcher</em></span> <span class='ocrx_word' id='word_1_65' title='bbox 1576 627 1627 662; x_wconf 93' lang='lat' dir='ltr'><em>ob</em></span> 
     </span>
     <span class='ocr_line' id='line_1_9' title="bbox 323 681 1631 734; baseline -0.006 -11"><span class='ocrx_word' id='word_1_66' title='bbox 323 686 480 734; x_wconf 86' lang='lat' dir='ltr'><em>Gregor.</em></span> <span class='ocrx_word' id='word_1_67' title='bbox 496 696 687 721; x_wconf 86' lang='lat' dir='ltr'><em>canonem</em></span> <span class='ocrx_word' id='word_1_68' title='bbox 706 683 768 719; x_wconf 81' lang='lat'><em>35.</em></span> <span class='ocrx_word' id='word_1_69' title='bbox 786 683 833 719; x_wconf 90' lang='lat' dir='ltr'><em>de</em></span> <span class='ocrx_word' id='word_1_70' title='bbox 850 682 980 719; x_wconf 83' lang='lat' dir='ltr'><em>Ionica</em></span> <span class='ocrx_word' id='word_1_71' title='bbox 1002 684 1196 721; x_wconf 84' lang='lat' dir='ltr'><em>Dialecto.</em></span> <span class='ocrx_word' id='word_1_72' title='bbox 1226 685 1307 719; x_wconf 85' lang='lat' dir='ltr'><em>lam</em></span> <span class='ocrx_word' id='word_1_73' title='bbox 1325 681 1374 718; x_wconf 86' lang='lat' dir='ltr'><em>ad</em></span> <span class='ocrx_word' id='word_1_74' title='bbox 1402 681 1518 718; x_wconf 85' lang='lat' dir='ltr'><em>illam</em></span> <span class='ocrx_word' id='word_1_75' title='bbox 1538 681 1631 731; x_wconf 87' lang='lat' dir='ltr'><em>qui-</em></span> 
     </span>
     <span class='ocr_line' id='line_1_10' title="bbox 321 736 1630 783; baseline -0.002 -6"><span class='ocrx_word' id='word_1_76' title='bbox 321 741 413 777; x_wconf 84' lang='lat' dir='ltr'><em>dem</em></span> <span class='ocrx_word' id='word_1_77' title='bbox 437 751 622 776; x_wconf 80' lang='lat' dir='ltr'><em>normam</em></span> <span class='ocrx_word' id='word_1_78' title='bbox 645 738 730 776; x_wconf 66' lang='grc' dir='ltr'><em>Ἰοῦν</em></span> <span class='ocrx_word' id='word_1_79' title='bbox 751 743 790 774; x_wconf 89' lang='lat' dir='ltr'><em>et</em></span> <span class='ocrx_word' id='word_1_80' title='bbox 811 738 952 776; x_wconf 71' lang='grc' dir='ltr'><em>Βουτοῦν</em></span> <span class='ocrx_word' id='word_1_81' title='bbox 975 738 1081 774; x_wconf 79' lang='lat' dir='ltr'><em>dixit</em></span> <span class='ocrx_word' id='word_1_82' title='bbox 1101 740 1264 783; x_wconf 83' lang='lat' dir='ltr'><em>Noster,</em></span> <span class='ocrx_word' id='word_1_83' title='bbox 1286 751 1308 774; x_wconf 87' lang='lat' dir='ltr'>a</span> <span class='ocrx_word' id='word_1_84' title='bbox 1336 736 1453 774; x_wconf 87' lang='lat' dir='ltr'><em>rectis</em></span> <span class='ocrx_word' id='word_1_85' title='bbox 1472 737 1630 774; x_wconf 77' lang='lat' dir='ltr'>casibus</span> 
     </span>
     <span class='ocr_line' id='line_1_11' title="bbox 322 792 1632 842; baseline -0.004 -8"><span class='ocrx_word' id='word_1_86' title='bbox 322 794 380 835; x_wconf 67' lang='lat'><em>’103</em></span> <span class='ocrx_word' id='word_1_87' title='bbox 400 802 439 832; x_wconf 83' lang='lat' dir='ltr'><em>et</em></span> <span class='ocrx_word' id='word_1_88' title='bbox 457 792 590 833; x_wconf 74' lang='grc' dir='ltr'><strong><em>Βουτῶι</em></strong></span> <span class='ocrx_word' id='word_1_89' title='bbox 622 793 685 830; x_wconf 88' lang='lat' dir='ltr'><em>sed</em></span> <span class='ocrx_word' id='word_1_90' title='bbox 699 819 709 837; x_wconf 82' lang='grc'><em>,</em></span> <span class='ocrx_word' id='word_1_91' title='bbox 738 799 784 830; x_wconf 86' lang='lat' dir='ltr'><em>ut</em></span> <span class='ocrx_word' id='word_1_92' title='bbox 810 792 854 828; x_wconf 88' lang='lat' dir='ltr'><em>in</em></span> <span class='ocrx_word' id='word_1_93' title='bbox 876 793 970 829; x_wconf 84' lang='lat' dir='ltr'><em>aliis</em></span> <span class='ocrx_word' id='word_1_94' title='bbox 991 793 1156 839; x_wconf 81' lang='lat' dir='ltr'><em>multis,</em></span> <span class='ocrx_word' id='word_1_95' title='bbox 1177 793 1233 829; x_wconf 86' lang='lat' dir='ltr'><em>sic</em></span> <span class='ocrx_word' id='word_1_96' title='bbox 1253 799 1293 830; x_wconf 90' lang='lat' dir='ltr'><em>et</em></span> <span class='ocrx_word' id='word_1_97' title='bbox 1310 793 1445 829; x_wconf 86' lang='lat' dir='ltr'><em>hocin</em></span> <span class='ocrx_word' id='word_1_98' title='bbox 1469 804 1632 842; x_wconf 79' lang='lat' dir='ltr'><strong>genere,</strong></span> 
     </span>
     <span class='ocr_line' id='line_1_12' title="bbox 322 847 1630 894; baseline -0.002 -7"><span class='ocrx_word' id='word_1_99' title='bbox 322 851 488 887; x_wconf 87' lang='lat' dir='ltr'><em>licitum</em></span> <span class='ocrx_word' id='word_1_100' title='bbox 512 849 594 886; x_wconf 84' lang='lat' dir='ltr'><em>fuit</em></span> <span class='ocrx_word' id='word_1_101' title='bbox 613 848 795 893; x_wconf 73' lang='lat' dir='ltr'><em>Ionibus,</em></span> <span class='ocrx_word' id='word_1_102' title='bbox 813 848 1003 886; x_wconf 85' lang='lat' dir='ltr'><em>Herodoto</em></span> <span class='ocrx_word' id='word_1_103' title='bbox 1022 855 1147 894; x_wconf 67' lang='lat' dir='ltr'><em>certe‚</em></span> <span class='ocrx_word' id='word_1_104' title='bbox 1168 848 1224 885; x_wconf 86' lang='lat' dir='ltr'><em>eis</em></span> <span class='ocrx_word' id='word_1_105' title='bbox 1242 848 1364 885; x_wconf 81' lang='lat' dir='ltr'><em>ctiam</em></span> <span class='ocrx_word' id='word_1_106' title='bbox 1386 847 1448 883; x_wconf 87' lang='lat' dir='ltr'><em>uti</em></span> <span class='ocrx_word' id='word_1_107' title='bbox 1469 847 1630 893; x_wconf 81' lang='lat' dir='ltr'><em>formis,</em></span> 
     </span>
     <span class='ocr_line' id='line_1_13' title="bbox 322 902 1635 955; baseline -0.001 -13"><span class='ocrx_word' id='word_1_108' title='bbox 322 918 428 955; x_wconf 89' lang='lat' dir='ltr'><em>quae</em></span> <span class='ocrx_word' id='word_1_109' title='bbox 456 904 551 942; x_wconf 86' lang='lat' dir='ltr'><em>aliis</em></span> <span class='ocrx_word' id='word_1_110' title='bbox 571 903 750 949; x_wconf 78' lang='lat' dir='ltr'><em>Graecis,</em></span> <span class='ocrx_word' id='word_1_111' title='bbox 781 908 821 940; x_wconf 87' lang='lat' dir='ltr'><em>et</em></span> <span class='ocrx_word' id='word_1_112' title='bbox 849 904 996 941; x_wconf 83' lang='lat' dir='ltr'><em>Atticis</em></span> <span class='ocrx_word' id='word_1_113' title='bbox 1029 903 1283 953; x_wconf 81' lang='lat' dir='ltr'><em>praesertim,</em></span> <span class='ocrx_word' id='word_1_114' title='bbox 1315 902 1484 950; x_wconf 80' lang='lat' dir='ltr'><em>usitatae</em></span> <span class='ocrx_word' id='word_1_115' title='bbox 1503 909 1635 941; x_wconf 81' lang='lat' dir='ltr'><em>erant.</em></span> 
     </span>
     <span class='ocr_line' id='line_1_14' title="bbox 323 957 1636 1008; baseline -0.002 -10"><span class='ocrx_word' id='word_1_116' title='bbox 323 961 413 1007; x_wconf 79' lang='lat' dir='ltr'><em>Sic,</em></span> <span class='ocrx_word' id='word_1_117' title='bbox 442 961 536 997; x_wconf 85' lang='lat' dir='ltr'><em>licet</em></span> <span class='ocrx_word' id='word_1_118' title='bbox 556 957 687 1002; x_wconf 69' lang='grc' dir='ltr'><em>αἰδοῦν,</em></span> <span class='ocrx_word' id='word_1_119' title='bbox 715 964 760 994; x_wconf 86' lang='lat' dir='ltr'><em>ut</em></span> <span class='ocrx_word' id='word_1_120' title='bbox 781 959 962 995; x_wconf 87' lang='lat' dir='ltr'><em>ionicum</em></span> <span class='ocrx_word' id='word_1_121' title='bbox 978 987 987 1005; x_wconf 82' lang='lat'>‚</span> <span class='ocrx_word' id='word_1_122' title='bbox 1012 960 1113 997; x_wconf 87' lang='lat' dir='ltr'>ibid.</span> <span class='ocrx_word' id='word_1_123' title='bbox 1135 958 1386 996; x_wconf 76' lang='lat' dir='ltr'><em>commendet</em></span> <span class='ocrx_word' id='word_1_124' title='bbox 1413 959 1636 1008; x_wconf 74' lang='lat' dir='ltr'><em>Gregorius,</em></span> 
     </span>
     <span class='ocr_line' id='line_1_15' title="bbox 325 1013 1638 1065; baseline -0.002 -12"><span class='ocrx_word' id='word_1_125' title='bbox 325 1028 528 1065; x_wconf 87' lang='lat' dir='ltr'><strong>nusquam</strong></span> <span class='ocrx_word' id='word_1_126' title='bbox 548 1014 656 1063; x_wconf 88' lang='lat' dir='ltr'><em>apud</em></span> <span class='ocrx_word' id='word_1_127' title='bbox 683 1015 909 1051; x_wconf 81' lang='lat' dir='ltr'><em>Herodotum</em></span> <span class='ocrx_word' id='word_1_128' title='bbox 934 1015 1137 1063; x_wconf 88' lang='lat' dir='ltr'><em>reperitur</em></span> <span class='ocrx_word' id='word_1_129' title='bbox 1162 1015 1256 1051; x_wconf 87' lang='lat' dir='ltr'><em>haec</em></span> <span class='ocrx_word' id='word_1_130' title='bbox 1277 1013 1457 1051; x_wconf 86' lang='lat' dir='ltr'><em>nominis</em></span> <span class='ocrx_word' id='word_1_131' title='bbox 1483 1016 1638 1058; x_wconf 58' lang='grc' dir='ltr'><em>ἴοι-11ης</em></span> 
     </span>
     <span class='ocr_line' id='line_1_16' title="bbox 316 1068 1635 1118; baseline -0.002 -9"><span class='ocrx_word' id='word_1_132' title='bbox 316 1072 390 1109; x_wconf 61' lang='lat' dir='ltr'><em>sed</em></span> <span class='ocrx_word' id='word_1_133' title='bbox 423 1069 525 1113; x_wconf 66' lang='grc' dir='ltr'><em>αἰδῶ,</em></span> <span class='ocrx_word' id='word_1_134' title='bbox 555 1071 638 1107; x_wconf 91' lang='lat' dir='ltr'><em>sive</em></span> <span class='ocrx_word' id='word_1_135' title='bbox 674 1069 819 1106; x_wconf 84' lang='lat' dir='ltr'><em>rectius</em></span> <span class='ocrx_word' id='word_1_136' title='bbox 847 1068 949 1114; x_wconf 68' lang='grc' dir='ltr'><em>αἰδῶ,</em></span> <span class='ocrx_word' id='word_1_137' title='bbox 978 1074 1054 1118; x_wconf 80' lang='lat' dir='ltr'><em>(ut</em></span> <span class='ocrx_word' id='word_1_138' title='bbox 1079 1083 1149 1106; x_wconf 87' lang='lat' dir='ltr'><em>nos</em></span> <span class='ocrx_word' id='word_1_139' title='bbox 1176 1083 1268 1106; x_wconf 74' lang='lat' dir='ltr'><em>rum</em></span> <span class='ocrx_word' id='word_1_140' title='bbox 1306 1070 1482 1118; x_wconf 82' lang='lat' dir='ltr'><em>probatis</em></span> <span class='ocrx_word' id='word_1_141' title='bbox 1515 1070 1635 1107; x_wconf 81' lang='lat' dir='ltr'><em>libris</em></span> 
     </span>
     <span class='ocr_line' id='line_1_17' title="bbox 325 1122 1638 1176; baseline -0.001 -13"><span class='ocrx_word' id='word_1_142' title='bbox 325 1126 530 1164; x_wconf 82' lang='lat' dir='ltr'>edidimus</span> <span class='ocrx_word' id='word_1_143' title='bbox 545 1152 554 1170; x_wconf 88' lang='lat'><strong>‚</strong></span> <span class='ocrx_word' id='word_1_144' title='bbox 584 1137 728 1173; x_wconf 78' lang='lat' dir='ltr'><em>nempe</em></span> <span class='ocrx_word' id='word_1_145' title='bbox 749 1136 795 1160; x_wconf 76' lang='lat' dir='ltr'><em>ex</em></span> <span class='ocrx_word' id='word_1_146' title='bbox 816 1122 916 1163; x_wconf 72' lang='grc' dir='ltr'><em>αῖὸὅα</em></span> <span class='ocrx_word' id='word_1_147' title='bbox 931 1132 1179 1162; x_wconf 74' lang='lat' dir='ltr'><em>contr-actum</em></span> <span class='ocrx_word' id='word_1_148' title='bbox 1193 1152 1202 1169; x_wconf 81' lang='lat'>,</span> <span class='ocrx_word' id='word_1_149' title='bbox 1221 1126 1314 1162; x_wconf 84' lang='lat' dir='ltr'><em>coll.</em></span> <span class='ocrx_word' id='word_1_150' title='bbox 1333 1126 1491 1176; x_wconf 79' lang='lat' dir='ltr'><em>Etymol.</em></span> <span class='ocrx_word' id='word_1_151' title='bbox 1514 1137 1552 1173; x_wconf 84' lang='lat' dir='ltr'><em>p.</em></span> <span class='ocrx_word' id='word_1_152' title='bbox 1572 1125 1638 1163; x_wconf 82' lang='lat'><em>30.</em></span> 
     </span>
     <span class='ocr_line' id='line_1_18' title="bbox 325 1179 1636 1231; baseline -0.002 -12"><span class='ocrx_word' id='word_1_153' title='bbox 325 1182 404 1219; x_wconf 87' lang='lat' dir='ltr'><em>lin.</em></span> <span class='ocrx_word' id='word_1_154' title='bbox 423 1190 472 1227; x_wconf 70' lang='lat'><em>40</em></span> <span class='ocrx_word' id='word_1_155' title='bbox 484 1179 608 1231; x_wconf 86' lang='lat' dir='ltr'>seqq.)</span> <span class='ocrx_word' id='word_1_156' title='bbox 627 1180 863 1229; x_wconf 80' lang='lat' dir='ltr'><em>praeferunt</em></span> <span class='ocrx_word' id='word_1_157' title='bbox 880 1180 1029 1217; x_wconf 84' lang='lat' dir='ltr'><em>codices</em></span> <span class='ocrx_word' id='word_1_158' title='bbox 1048 1181 1121 1217; x_wconf 91' lang='lat' dir='ltr'><em>lib.</em></span> <span class='ocrx_word' id='word_1_159' title='bbox 1138 1183 1165 1217; x_wconf 95' lang='lat' dir='ltr'><em>I.</em></span> <span class='ocrx_word' id='word_1_160' title='bbox 1181 1193 1214 1217; x_wconf 90' lang='lat' dir='ltr'><em>e.</em></span> <span class='ocrx_word' id='word_1_161' title='bbox 1232 1182 1251 1216; x_wconf 82' lang='grc' dir='ltr'>ὃ</span> <span class='ocrx_word' id='word_1_162' title='bbox 1266 1207 1276 1226; x_wconf 83' lang='grc'><em>,</em></span> <span class='ocrx_word' id='word_1_163' title='bbox 1298 1181 1358 1216; x_wconf 94' lang='grc'><em>16.</em></span> <span class='ocrx_word' id='word_1_164' title='bbox 1375 1180 1636 1229; x_wconf 87' lang='lat' dir='ltr'><em>quemadmo-</em></span> 
     </span>
     <span class='ocr_line' id='line_1_19' title="bbox 324 1232 1346 1287; baseline -0.002 -13"><span class='ocrx_word' id='word_1_165' title='bbox 324 1238 425 1275; x_wconf 88' lang='lat' dir='ltr'><em>dum</em></span> <span class='ocrx_word' id='word_1_166' title='bbox 445 1241 672 1273; x_wconf 78' lang='lat' dir='ltr'><strong>constanter</strong></span> <span class='ocrx_word' id='word_1_167' title='bbox 689 1236 797 1284; x_wconf 85' lang='lat' dir='ltr'><em>apud</em></span> <span class='ocrx_word' id='word_1_168' title='bbox 818 1237 1013 1272; x_wconf 80' lang='lat' dir='ltr'><em>Homerum</em></span> <span class='ocrx_word' id='word_1_169' title='bbox 1037 1236 1244 1273; x_wconf 89' lang='lat' dir='ltr'><em>scribitur.</em></span> <span class='ocrx_word' id='word_1_170' title='bbox 1272 1232 1346 1287; x_wconf 85' lang='lat' dir='ltr'><em>S.]</em></span> 
     </span>
    </p>

    <p class='ocr_par' dir='ltr' id='par_1_4' title="bbox 325 1288 1667 1782">
     <span class='ocr_line' id='line_1_20' title="bbox 439 1288 1631 1340; baseline -0.003 -8"><span class='ocrx_word' id='word_1_171' title='bbox 439 1290 585 1332; x_wconf 84' lang='lat' dir='ltr'><em>CAP.</em></span> <span class='ocrx_word' id='word_1_172' title='bbox 612 1289 761 1330; x_wconf 84' lang='lat' dir='ltr'><em>LXX.</em></span> <span class='ocrx_word' id='word_1_173' title='bbox 796 1304 830 1327; x_wconf 81' lang='lat'><em>2.</em></span> <span class='ocrx_word' id='word_1_174' title='bbox 856 1288 965 1334; x_wconf 72' lang='grc' dir='ltr'>διξοὶ</span> <span class='ocrx_word' id='word_1_175' title='bbox 992 1290 1059 1340; x_wconf 69' lang='grc' dir='ltr'><em>’γοέρ</em></span> <span class='ocrx_word' id='word_1_176' title='bbox 1089 1288 1125 1332; x_wconf 55' lang='grc' dir='ltr'><em>δνῖ</em></span> <span class='ocrx_word' id='word_1_177' title='bbox 1154 1291 1401 1340; x_wconf 53' lang='lat' dir='ltr'><em>{erfoni-ewra)</em></span> <span class='ocrx_word' id='word_1_178' title='bbox 1434 1294 1631 1328; x_wconf 80' lang='lat' dir='ltr'><em>Veterum</em></span> 
     </span>
     <span class='ocr_line' id='line_1_21' title="bbox 326 1344 1632 1397; baseline -0.002 -12"><span class='ocrx_word' id='word_1_179' title='bbox 326 1347 530 1397; x_wconf 81' lang='lat' dir='ltr'><em>persuasio</em></span> <span class='ocrx_word' id='word_1_180' title='bbox 562 1347 611 1383; x_wconf 90' lang='lat' dir='ltr'><em>de</em></span> <span class='ocrx_word' id='word_1_181' title='bbox 631 1347 869 1395; x_wconf 77' lang='lat' dir='ltr'><em>Aethiopibus</em></span> <span class='ocrx_word' id='word_1_182' title='bbox 898 1344 1007 1394; x_wconf 81' lang='lat' dir='ltr'><em>Afris</em></span> <span class='ocrx_word' id='word_1_183' title='bbox 1027 1354 1062 1383; x_wconf 87' lang='lat' dir='ltr'><em>et</em></span> <span class='ocrx_word' id='word_1_184' title='bbox 1084 1347 1260 1384; x_wconf 77' lang='lat' dir='ltr'><em>Asiaticis</em></span> <span class='ocrx_word' id='word_1_185' title='bbox 1283 1346 1554 1396; x_wconf 84' lang='lat' dir='ltr'><em>cognitissima</em></span> <span class='ocrx_word' id='word_1_186' title='bbox 1584 1358 1632 1383; x_wconf 84' lang='lat' dir='ltr'><em>ex</em></span> 
     </span>
     <span class='ocr_line' id='line_1_22' title="bbox 325 1399 1629 1450; baseline -0.002 -9"><span class='ocrx_word' id='word_1_187' title='bbox 325 1404 517 1441; x_wconf 75' lang='lat' dir='ltr'><em>Strabonis</em></span> <span class='ocrx_word' id='word_1_188' title='bbox 533 1402 692 1439; x_wconf 85' lang='lat' dir='ltr'><em>erudita</em></span> <span class='ocrx_word' id='word_1_189' title='bbox 713 1414 831 1450; x_wconf 88' lang='lat' dir='ltr'><em>super</em></span> <span class='ocrx_word' id='word_1_190' title='bbox 851 1404 1042 1438; x_wconf 84' lang='lat' dir='ltr'><em>Homereo</em></span> <span class='ocrx_word' id='word_1_191' title='bbox 1059 1402 1236 1445; x_wconf 77' lang='grc' dir='ltr'><em>Αἰθίοπας,</em></span> <span class='ocrx_word' id='word_1_192' title='bbox 1256 1404 1305 1439; x_wconf 73' lang='grc' dir='ltr'><em>τοὶ</em></span> <span class='ocrx_word' id='word_1_193' title='bbox 1321 1400 1421 1448; x_wconf 60' lang='lat' dir='ltr'><em>Saffo?</em></span> <span class='ocrx_word' id='word_1_194' title='bbox 1438 1399 1629 1444; x_wconf 68' lang='grc' dir='ltr'><em>δεδαίαται,</em></span> 
     </span>
     <span class='ocr_line' id='line_1_23' title="bbox 327 1454 1630 1508; baseline -0.002 -13"><span class='ocrx_word' id='word_1_195' title='bbox 327 1458 606 1496; x_wconf 81' lang='lat' dir='ltr'><em>dissertatione</em></span> <span class='ocrx_word' id='word_1_196' title='bbox 634 1463 692 1494; x_wconf 89' lang='lat' dir='ltr'><em>est</em></span> <span class='ocrx_word' id='word_1_197' title='bbox 712 1457 783 1496; x_wconf 87' lang='lat' dir='ltr'><em>lib.</em></span> <span class='ocrx_word' id='word_1_198' title='bbox 802 1460 830 1494; x_wconf 92' lang='grc' dir='ltr'><em>Ι.</em></span> <span class='ocrx_word' id='word_1_199' title='bbox 849 1470 886 1504; x_wconf 86' lang='lat' dir='ltr'><em>p.</em></span> <span class='ocrx_word' id='word_1_200' title='bbox 914 1458 975 1495; x_wconf 81' lang='lat'><em>58.</em></span> <span class='ocrx_word' id='word_1_201' title='bbox 1002 1454 1071 1508; x_wconf 85' lang='lat' dir='ltr'><em>[p.</em></span> <span class='ocrx_word' id='word_1_202' title='bbox 1093 1458 1157 1494; x_wconf 77' lang='lat'><em>50.</em></span> <span class='ocrx_word' id='word_1_203' title='bbox 1177 1463 1217 1494; x_wconf 90' lang='lat' dir='ltr'><em>et</em></span> <span class='ocrx_word' id='word_1_204' title='bbox 1238 1457 1299 1494; x_wconf 83' lang='lat'><em>35.</em></span> <span class='ocrx_word' id='word_1_205' title='bbox 1317 1457 1376 1495; x_wconf 85' lang='lat' dir='ltr'><em>ed.</em></span> <span class='ocrx_word' id='word_1_206' title='bbox 1401 1454 1510 1507; x_wconf 78' lang='lat' dir='ltr'><em>Cas.]</em></span> <span class='ocrx_word' id='word_1_207' title='bbox 1541 1457 1630 1493; x_wconf 83' lang='lat' dir='ltr'><em>ludi</em></span> 
     </span>
     <span class='ocr_line' id='line_1_24' title="bbox 327 1511 1667 1562; baseline -0.002 -10"><span class='ocrx_word' id='word_1_208' title='bbox 327 1514 545 1562; x_wconf 84' lang='lat' dir='ltr'><em>Aethiopes</em></span> <span class='ocrx_word' id='word_1_209' title='bbox 575 1516 679 1550; x_wconf 58' lang='lat' dir='ltr'><em>recta</em></span> <span class='ocrx_word' id='word_1_210' title='bbox 711 1518 750 1549; x_wconf 90' lang='lat' dir='ltr'><em>et</em></span> <span class='ocrx_word' id='word_1_211' title='bbox 784 1512 976 1561; x_wconf 62' lang='lat' dir='ltr'><em>promissa</em></span> <span class='ocrx_word' id='word_1_212' title='bbox 1009 1519 1123 1549; x_wconf 82' lang='lat' dir='ltr'><em>erant</em></span> <span class='ocrx_word' id='word_1_213' title='bbox 1149 1516 1260 1549; x_wconf 62' lang='lat' dir='ltr'><em>coma</em></span> <span class='ocrx_word' id='word_1_214' title='bbox 1273 1539 1283 1557; x_wconf 86' lang='lat'><strong>‚</strong></span> <span class='ocrx_word' id='word_1_215' title='bbox 1320 1511 1497 1561; x_wconf 72' lang='grc' dir='ltr'><em>ἶθύτριχεςε</em></span> <span class='ocrx_word' id='word_1_216' title='bbox 1534 1512 1630 1549; x_wconf 82' lang='lat' dir='ltr'><em>Afri</em></span> <span class='ocrx_word' id='word_1_217' title='bbox 1660 1555 1667 1562; x_wconf 61' lang='lat'><strong>„</strong></span> 
     </span>
     <span class='ocr_line' id='line_1_25' title="bbox 328 1567 1632 1618; baseline -0.002 -11"><span class='ocrx_word' id='word_1_218' title='bbox 328 1568 542 1618; x_wconf 69' lang='grc' dir='ltr'><em>οὐλότριχες,</em></span> <span class='ocrx_word' id='word_1_219' title='bbox 568 1569 722 1616; x_wconf 69' lang='lat' dir='ltr'><em>erispO,</em></span> <span class='ocrx_word' id='word_1_220' title='bbox 753 1574 800 1605; x_wconf 89' lang='lat' dir='ltr'><em>ut</em></span> <span class='ocrx_word' id='word_1_221' title='bbox 820 1581 930 1604; x_wconf 86' lang='lat' dir='ltr'><em>nunc</em></span> <span class='ocrx_word' id='word_1_222' title='bbox 949 1574 1216 1616; x_wconf 72' lang='lat' dir='ltr'><em>perseverant,</em></span> <span class='ocrx_word' id='word_1_223' title='bbox 1247 1567 1463 1616; x_wconf 84' lang='lat' dir='ltr'><em>capillitio.</em></span> <span class='ocrx_word' id='word_1_224' title='bbox 1492 1568 1632 1605; x_wconf 88' lang='lat' dir='ltr'><em>Consi-</em></span> 
     </span>
     <span class='ocr_line' id='line_1_26' title="bbox 327 1620 1632 1673; baseline -0.001 -11"><span class='ocrx_word' id='word_1_225' title='bbox 327 1624 442 1662; x_wconf 89' lang='lat' dir='ltr'><em>milis</em></span> <span class='ocrx_word' id='word_1_226' title='bbox 466 1624 515 1661; x_wconf 91' lang='lat' dir='ltr'><em>de</em></span> <span class='ocrx_word' id='word_1_227' title='bbox 540 1624 724 1672; x_wconf 85' lang='lat' dir='ltr'><em>utrisque</em></span> <span class='ocrx_word' id='word_1_228' title='bbox 751 1624 939 1660; x_wconf 75' lang='lat' dir='ltr'><em>Strabonis</em></span> <span class='ocrx_word' id='word_1_229' title='bbox 976 1624 1048 1662; x_wconf 88' lang='lat' dir='ltr'><em>lib.</em></span> <span class='ocrx_word' id='word_1_230' title='bbox 1078 1627 1169 1661; x_wconf 79' lang='lat' dir='ltr'><em>XV.</em></span> <span class='ocrx_word' id='word_1_231' title='bbox 1197 1636 1282 1672; x_wconf 80' lang='lat' dir='ltr'>pag.</span> <span class='ocrx_word' id='word_1_232' title='bbox 1318 1635 1434 1660; x_wconf 80' lang='lat'>1012.</span> <span class='ocrx_word' id='word_1_233' title='bbox 1453 1637 1487 1660; x_wconf 83' lang='lat' dir='ltr'><em>B.</em></span> <span class='ocrx_word' id='word_1_234' title='bbox 1515 1620 1632 1673; x_wconf 85' lang='lat' dir='ltr'><strong>[pag.</strong></span> 
     </span>
     <span class='ocr_line' id='line_1_27' title="bbox 330 1676 1632 1730; baseline 0 -14"><span class='ocrx_word' id='word_1_235' title='bbox 330 1681 423 1730; x_wconf 78' lang='lat'><strong>690.</strong></span> <span class='ocrx_word' id='word_1_236' title='bbox 444 1676 506 1729; x_wconf 84' lang='lat' dir='ltr'><em>n.]</em></span> <span class='ocrx_word' id='word_1_237' title='bbox 523 1685 561 1716; x_wconf 88' lang='lat' dir='ltr'><em>et</em></span> <span class='ocrx_word' id='word_1_238' title='bbox 579 1681 734 1717; x_wconf 84' lang='lat' dir='ltr'><em>Arriani</em></span> <span class='ocrx_word' id='word_1_239' title='bbox 755 1679 841 1716; x_wconf 85' lang='lat' dir='ltr'><strong>Jnd.</strong></span> <span class='ocrx_word' id='word_1_240' title='bbox 859 1692 892 1715; x_wconf 88' lang='lat' dir='ltr'><em>c.</em></span> <span class='ocrx_word' id='word_1_241' title='bbox 912 1680 946 1716; x_wconf 83' lang='lat'><em>6.</em></span> <span class='ocrx_word' id='word_1_242' title='bbox 970 1680 1203 1716; x_wconf 78' lang='lat' dir='ltr'><em>observatio.</em></span> <span class='ocrx_word' id='word_1_243' title='bbox 1225 1681 1280 1715; x_wconf 83' lang='lat' dir='ltr'>W</span> <span class='ocrx_word' id='word_1_244' title='bbox 1296 1679 1361 1716; x_wconf 88' lang='lat' dir='ltr'><em>ES</em></span> <span class='ocrx_word' id='word_1_245' title='bbox 1374 1679 1413 1716; x_wconf 84' lang='lat' dir='ltr'><em>S·</em></span> <span class='ocrx_word' id='word_1_246' title='bbox 1430 1698 1480 1704; x_wconf 93' lang='lat'><strong>—</strong></span> <span class='ocrx_word' id='word_1_247' title='bbox 1513 1678 1632 1717; x_wconf 84' lang='lat' dir='ltr'><em>conf.</em></span> 
     </span>
     <span class='ocr_line' id='line_1_28' title="bbox 327 1732 1446 1782; baseline -0.004 -9"><span class='ocrx_word' id='word_1_248' title='bbox 327 1736 395 1774; x_wconf 83' lang='lat' dir='ltr'><em>He</em></span> <span class='ocrx_word' id='word_1_249' title='bbox 407 1749 518 1772; x_wconf 89' lang='lat' dir='ltr'><em>eren</em></span> <span class='ocrx_word' id='word_1_250' title='bbox 543 1736 651 1772; x_wconf 83' lang='lat' dir='ltr'><em>Ideen</em></span> <span class='ocrx_word' id='word_1_251' title='bbox 671 1735 757 1771; x_wconf 71' lang='lat' dir='ltr'><em>iiber</em></span> <span class='ocrx_word' id='word_1_252' title='bbox 777 1735 832 1771; x_wconf 77' lang='lat' dir='ltr'><em>die</em></span> <span class='ocrx_word' id='word_1_253' title='bbox 852 1736 983 1771; x_wconf 84' lang='lat' dir='ltr'><em>Politik</em></span> <span class='ocrx_word' id='word_1_254' title='bbox 1002 1742 1076 1771; x_wconf 83' lang='lat' dir='ltr'><em>etc.</em></span> <span class='ocrx_word' id='word_1_255' title='bbox 1095 1737 1202 1771; x_wconf 84' lang='lat' dir='ltr'>T.11.</span> <span class='ocrx_word' id='word_1_256' title='bbox 1222 1748 1260 1782; x_wconf 83' lang='lat' dir='ltr'><em>p.</em></span> <span class='ocrx_word' id='word_1_257' title='bbox 1281 1734 1371 1771; x_wconf 81' lang='lat'>552.</span> <span class='ocrx_word' id='word_1_258' title='bbox 1400 1732 1446 1772; x_wconf 85' lang='lat' dir='ltr'><em>S.</em></span> 
     </span>
    </p>

    <p class='ocr_par' dir='ltr' id='par_1_5' title="bbox 327 1787 1636 2280">
     <span class='ocr_line' id='line_1_29' title="bbox 389 1787 1633 1840; baseline 0 -14"><span class='ocrx_word' id='word_1_259' title='bbox 389 1792 424 1827; x_wconf 86' lang='grc'><em>8.</em></span> <span class='ocrx_word' id='word_1_260' title='bbox 453 1787 788 1839; x_wconf 65' lang='grc' dir='ltr'><em>προμετωπίδια</em></span> <span class='ocrx_word' id='word_1_261' title='bbox 809 1789 839 1828; x_wconf 68' lang='grc' dir='ltr'><em>δὲ</em></span> <span class='ocrx_word' id='word_1_262' title='bbox 862 1790 1005 1840; x_wconf 74' lang='grc' dir='ltr'><em>ἵππων)</em></span> <span class='ocrx_word' id='word_1_263' title='bbox 1025 1792 1349 1839; x_wconf 83' lang='lat' dir='ltr'><em>Frequentantur</em></span> <span class='ocrx_word' id='word_1_264' title='bbox 1369 1789 1412 1825; x_wconf 91' lang='lat' dir='ltr'><em>in</em></span> <span class='ocrx_word' id='word_1_265' title='bbox 1432 1802 1633 1838; x_wconf 84' lang='lat' dir='ltr'><em>equorum.</em></span> 
     </span>
     <span class='ocr_line' id='line_1_30' title="bbox 327 1844 1634 1894; baseline 0.001 -12"><span class='ocrx_word' id='word_1_266' title='bbox 327 1852 422 1882; x_wconf 75' lang='lat' dir='ltr'><em>ante</em></span> <span class='ocrx_word' id='word_1_267' title='bbox 441 1845 612 1882; x_wconf 80' lang='lat' dir='ltr'><em>frontem</em></span> <span class='ocrx_word' id='word_1_268' title='bbox 631 1852 776 1881; x_wconf 83' lang='lat' dir='ltr'><em>ornatu</em></span> <span class='ocrx_word' id='word_1_269' title='bbox 793 1844 1041 1894; x_wconf 69' lang='grc' dir='ltr'><em>προμετωπίδια</em></span> <span class='ocrx_word' id='word_1_270' title='bbox 1060 1846 1167 1894; x_wconf 84' lang='lat' dir='ltr'><em>apud</em></span> <span class='ocrx_word' id='word_1_271' title='bbox 1185 1846 1483 1894; x_wconf 82' lang='lat' dir='ltr'><em>Xenophontem,</em></span> <span class='ocrx_word' id='word_1_272' title='bbox 1503 1846 1634 1883; x_wconf 86' lang='lat' dir='ltr'><em>Achil-</em></span> 
     </span>
     <span class='ocr_line' id='line_1_31' title="bbox 330 1900 1635 1949; baseline -0.001 -12"><span class='ocrx_word' id='word_1_273' title='bbox 330 1904 399 1938; x_wconf 90' lang='lat' dir='ltr'><em>lem</em></span> <span class='ocrx_word' id='word_1_274' title='bbox 436 1902 542 1946; x_wconf 67' lang='lat' dir='ltr'><em>Tat„</em></span> <span class='ocrx_word' id='word_1_275' title='bbox 571 1903 784 1945; x_wconf 80' lang='lat' dir='ltr'><em>Aelianum,</em></span> <span class='ocrx_word' id='word_1_276' title='bbox 818 1901 1075 1945; x_wconf 78' lang='lat' dir='ltr'><em>Iamblichum,</em></span> <span class='ocrx_word' id='word_1_277' title='bbox 1101 1907 1140 1937; x_wconf 85' lang='lat' dir='ltr'><em>et</em></span> <span class='ocrx_word' id='word_1_278' title='bbox 1171 1902 1327 1949; x_wconf 84' lang='lat' dir='ltr'><em>plures:</em></span> <span class='ocrx_word' id='word_1_279' title='bbox 1361 1900 1404 1936; x_wconf 92' lang='lat' dir='ltr'><em>in</em></span> <span class='ocrx_word' id='word_1_280' title='bbox 1438 1900 1635 1937; x_wconf 84' lang='lat' dir='ltr'><em>muliebri</em></span> 
     </span>
     <span class='ocr_line' id='line_1_32' title="bbox 331 1953 1631 2005; baseline 0 -13"><span class='ocrx_word' id='word_1_281' title='bbox 331 1956 486 1992; x_wconf 81' lang='lat' dir='ltr'><em>mundo</em></span> <span class='ocrx_word' id='word_1_282' title='bbox 507 1954 634 1999; x_wconf 73' lang='grc' dir='ltr'>κόσμος</span> <span class='ocrx_word' id='word_1_283' title='bbox 650 1953 907 2004; x_wconf 65' lang='grc' dir='ltr'><em>τρομετωπίδιος</em></span> <span class='ocrx_word' id='word_1_284' title='bbox 930 1957 1069 1993; x_wconf 85' lang='lat' dir='ltr'><em>Basilio</em></span> <span class='ocrx_word' id='word_1_285' title='bbox 1091 1960 1145 1994; x_wconf 82' lang='lat' dir='ltr'><em>M.</em></span> <span class='ocrx_word' id='word_1_286' title='bbox 1162 1958 1206 1993; x_wconf 88' lang='grc' dir='ltr'><em>Τ.</em></span> <span class='ocrx_word' id='word_1_287' title='bbox 1225 1957 1270 1993; x_wconf 85' lang='lat' dir='ltr'><em>ll.</em></span> <span class='ocrx_word' id='word_1_288' title='bbox 1289 1969 1374 2005; x_wconf 79' lang='lat' dir='ltr'>pag.</span> <span class='ocrx_word' id='word_1_289' title='bbox 1404 1956 1465 1992; x_wconf 83' lang='lat'><em>55.</em></span> <span class='ocrx_word' id='word_1_290' title='bbox 1486 1968 1519 1992; x_wconf 90' lang='lat' dir='ltr'><em>c.</em></span> <span class='ocrx_word' id='word_1_291' title='bbox 1559 1956 1631 1992; x_wconf 89' lang='lat' dir='ltr'><em>Hic</em></span> 
     </span>
     <span class='ocr_line' id='line_1_33' title="bbox 330 2008 1635 2061; baseline -0.001 -13"><span class='ocrx_word' id='word_1_292' title='bbox 330 2008 581 2059; x_wconf 68' lang='grc' dir='ltr'><em>προμετωπίδια</em></span> <span class='ocrx_word' id='word_1_293' title='bbox 601 2018 696 2047; x_wconf 88' lang='lat' dir='ltr'><em>sunt</em></span> <span class='ocrx_word' id='word_1_294' title='bbox 719 2014 851 2060; x_wconf 80' lang='lat' dir='ltr'><em>pelles,</em></span> <span class='ocrx_word' id='word_1_295' title='bbox 879 2025 1046 2060; x_wconf 82' lang='lat' dir='ltr'><em>equorum</em></span> <span class='ocrx_word' id='word_1_296' title='bbox 1069 2012 1245 2061; x_wconf 78' lang='lat' dir='ltr'><em>capitibus</em></span> <span class='ocrx_word' id='word_1_297' title='bbox 1272 2013 1475 2055; x_wconf 83' lang='lat' dir='ltr'><em>detractae,</em></span> <span class='ocrx_word' id='word_1_298' title='bbox 1505 2018 1540 2048; x_wconf 85' lang='lat' dir='ltr'><em>et</em></span> <span class='ocrx_word' id='word_1_299' title='bbox 1568 2012 1635 2047; x_wconf 87' lang='lat' dir='ltr'><em>hu-</em></span> 
     </span>
     <span class='ocr_line' id='line_1_34' title="bbox 331 2067 1636 2116; baseline 0 -14"><span class='ocrx_word' id='word_1_300' title='bbox 331 2067 448 2102; x_wconf 87' lang='lat' dir='ltr'><em>manis</em></span> <span class='ocrx_word' id='word_1_301' title='bbox 467 2067 517 2102; x_wconf 80' lang='lat' dir='ltr'><em>ad</em></span> <span class='ocrx_word' id='word_1_302' title='bbox 534 2072 706 2103; x_wconf 83' lang='lat' dir='ltr'><em>terrorem</em></span> <span class='ocrx_word' id='word_1_303' title='bbox 725 2067 872 2103; x_wconf 78' lang='lat' dir='ltr'><em>indutae</em></span> <span class='ocrx_word' id='word_1_304' title='bbox 893 2073 928 2102; x_wconf 80' lang='lat' dir='ltr'><em>et</em></span> <span class='ocrx_word' id='word_1_305' title='bbox 947 2070 1107 2116; x_wconf 80' lang='lat' dir='ltr'><em>speciem.</em></span> <span class='ocrx_word' id='word_1_306' title='bbox 1137 2071 1237 2105; x_wconf 75' lang='lat' dir='ltr'><em>Nam</em></span> <span class='ocrx_word' id='word_1_307' title='bbox 1252 2094 1262 2109; x_wconf 68' lang='lat'><strong>⁷</strong></span> <span class='ocrx_word' id='word_1_308' title='bbox 1281 2067 1384 2115; x_wconf 90' lang='lat' dir='ltr'><em>quod</em></span> <span class='ocrx_word' id='word_1_309' title='bbox 1413 2072 1506 2102; x_wconf 82' lang='lat' dir='ltr'><em>ante</em></span> <span class='ocrx_word' id='word_1_310' title='bbox 1527 2067 1636 2103; x_wconf 88' lang='lat' dir='ltr'><em>fron-</em></span> 
     </span>
     <span class='ocr_line' id='line_1_35' title="bbox 331 2118 1634 2170; baseline 0 -12"><span class='ocrx_word' id='word_1_311' title='bbox 331 2126 435 2166; x_wconf 70' lang='lat' dir='ltr'><em>iem,</em></span> <span class='ocrx_word' id='word_1_312' title='bbox 464 2118 743 2169; x_wconf 63' lang='grc' dir='ltr'><em>προμετωπίὸιον,</em></span> <span class='ocrx_word' id='word_1_313' title='bbox 772 2122 892 2170; x_wconf 81' lang='lat' dir='ltr'><em>quale</em></span> <span class='ocrx_word' id='word_1_314' title='bbox 920 2120 1175 2170; x_wconf 64' lang='grc' dir='ltr'><em>προμετωπίὲιον</em></span> <span class='ocrx_word' id='word_1_315' title='bbox 1199 2123 1346 2169; x_wconf 70' lang='grc' dir='ltr'><em>κέντρον,</em></span> <span class='ocrx_word' id='word_1_316' title='bbox 1379 2135 1461 2169; x_wconf 83' lang='lat' dir='ltr'><em>quo</em></span> <span class='ocrx_word' id='word_1_317' title='bbox 1488 2127 1634 2159; x_wconf 76' lang='lat' dir='ltr'><em>natum</em></span> 
     </span>
     <span class='ocr_line' id='line_1_36' title="bbox 331 2175 1634 2225; baseline 0.003 -16"><span class='ocrx_word' id='word_1_318' title='bbox 331 2176 455 2225; x_wconf 82' lang='lat' dir='ltr'><em>pisces</em></span> <span class='ocrx_word' id='word_1_319' title='bbox 475 2175 634 2224; x_wconf 76' lang='lat' dir='ltr'><em>xiphias</em></span> <span class='ocrx_word' id='word_1_320' title='bbox 651 2177 846 2220; x_wconf 77' lang='lat' dir='ltr'><em>armavit,</em></span> <span class='ocrx_word' id='word_1_321' title='bbox 877 2176 919 2211; x_wconf 88' lang='lat' dir='ltr'><em>in</em></span> <span class='ocrx_word' id='word_1_322' title='bbox 941 2180 1088 2215; x_wconf 69' lang='lat' dir='ltr'><em>Aeliani</em></span> <span class='ocrx_word' id='word_1_323' title='bbox 1110 2179 1208 2214; x_wconf 86' lang='lat' dir='ltr'><em>Hist.</em></span> <span class='ocrx_word' id='word_1_324' title='bbox 1230 2179 1308 2213; x_wconf 82' lang='lat' dir='ltr'><em>Au.</em></span> <span class='ocrx_word' id='word_1_325' title='bbox 1333 2180 1439 2214; x_wconf 79' lang='lat' dir='ltr'>XIV.</span> <span class='ocrx_word' id='word_1_326' title='bbox 1458 2178 1521 2214; x_wconf 75' lang='lat'><em>26.</em></span> <span class='ocrx_word' id='word_1_327' title='bbox 1561 2179 1634 2214; x_wconf 86' lang='lat' dir='ltr'><em>At-</em></span> 
     </span>
     <span class='ocr_line' id='line_1_37' title="bbox 329 2231 1633 2280; baseline 0 -13"><span class='ocrx_word' id='word_1_328' title='bbox 329 2243 411 2280; x_wconf 86' lang='lat' dir='ltr'><em>que</em></span> <span class='ocrx_word' id='word_1_329' title='bbox 429 2232 542 2276; x_wconf 81' lang='lat' dir='ltr'><em>haee,</em></span> <span class='ocrx_word' id='word_1_330' title='bbox 570 2231 643 2279; x_wconf 86' lang='lat' dir='ltr'><em>qui</em></span> <span class='ocrx_word' id='word_1_331' title='bbox 669 2231 888 2280; x_wconf 57' lang='grc' dir='ltr'><em>πξομετώπια</em></span> <span class='ocrx_word' id='word_1_332' title='bbox 908 2234 1168 2279; x_wconf 80' lang='lat' dir='ltr'><em>praeferunt,</em></span> <span class='ocrx_word' id='word_1_333' title='bbox 1190 2232 1454 2269; x_wconf 84' lang='lat' dir='ltr'><em>considerasse</em></span> <span class='ocrx_word' id='word_1_334' title='bbox 1474 2245 1554 2269; x_wconf 90' lang='lat' dir='ltr'><em>non</em></span> <span class='ocrx_word' id='word_1_335' title='bbox 1573 2231 1633 2269; x_wconf 81' lang='lat' dir='ltr'><em>vi-</em></span> 
     </span>
    </p>
   </div>
   <div class='ocr_carea' id='block_1_3' title="bbox 327 2286 1634 2503">
    <p class='ocr_par' dir='ltr' id='par_1_6' title="bbox 327 2286 695 2324">
     <span class='ocr_line' id='line_1_38' title="bbox 327 2286 695 2324; baseline 0 -1"><span class='ocrx_word' id='word_1_336' title='bbox 327 2286 493 2323; x_wconf 84' lang='lat' dir='ltr'><em>dentur.</em></span> <span class='ocrx_word' id='word_1_337' title='bbox 512 2286 695 2324; x_wconf 86' lang='lat' dir='ltr'><strong>WESS.</strong></span> 
     </span>
    </p>

    <p class='ocr_par' dir='ltr' id='par_1_7' title="bbox 331 2336 1634 2503">
     <span class='ocr_line' id='line_1_39' title="bbox 443 2336 1634 2392; baseline -0.003 -12"><span class='ocrx_word' id='word_1_338' title='bbox 443 2339 588 2380; x_wconf 85' lang='lat' dir='ltr'><em>CAP.</em></span> <span class='ocrx_word' id='word_1_339' title='bbox 607 2338 785 2380; x_wconf 84' lang='lat' dir='ltr'><em>LXXI.</em></span> <span class='ocrx_word' id='word_1_340' title='bbox 808 2355 844 2378; x_wconf 81' lang='lat'><em>2.</em></span> <span class='ocrx_word' id='word_1_341' title='bbox 875 2336 957 2381; x_wconf 63' lang='grc' dir='ltr'><em>νῖσα</em></span> <span class='ocrx_word' id='word_1_342' title='bbox 971 2360 983 2379; x_wconf 78' lang='grc' dir='ltr'><em>ν</em></span> <span class='ocrx_word' id='word_1_343' title='bbox 1002 2339 1165 2392; x_wconf 67' lang='grc' dir='ltr'><em>ξ’χεντες)</em></span> <span class='ocrx_word' id='word_1_344' title='bbox 1197 2344 1317 2380; x_wconf 85' lang='lat' dir='ltr'><em>Culte</em></span> <span class='ocrx_word' id='word_1_345' title='bbox 1347 2343 1496 2380; x_wconf 81' lang='lat' dir='ltr'><em>codices</em></span> <span class='ocrx_word' id='word_1_346' title='bbox 1517 2340 1634 2391; x_wconf 83' lang='lat' dir='ltr'><em>pauci</em></span> 
     </span>
     <span class='ocr_line' id='line_1_40' title="bbox 331 2395 1633 2450; baseline -0.002 -15"><span class='ocrx_word' id='word_1_347' title='bbox 331 2398 482 2437; x_wconf 72' lang='grc' dir='ltr'><em>σκυτίνην</em></span> <span class='ocrx_word' id='word_1_348' title='bbox 520 2395 620 2436; x_wconf 60' lang='lat' dir='ltr'><em>isto-ot</em></span> <span class='ocrx_word' id='word_1_349' title='bbox 635 2413 648 2433; x_wconf 88' lang='grc' dir='ltr'><em>ν</em></span> <span class='ocrx_word' id='word_1_350' title='bbox 681 2395 814 2442; x_wconf 72' lang='grc' dir='ltr'><em>ἔχοντες</em></span> <span class='ocrx_word' id='word_1_351' title='bbox 828 2423 839 2441; x_wconf 82' lang='lat'>‚</span> <span class='ocrx_word' id='word_1_352' title='bbox 878 2399 977 2434; x_wconf 86' lang='lat' dir='ltr'><em>corio</em></span> <span class='ocrx_word' id='word_1_353' title='bbox 1013 2402 1148 2434; x_wconf 84' lang='lat' dir='ltr'><em>armati</em></span> <span class='ocrx_word' id='word_1_354' title='bbox 1178 2401 1287 2436; x_wconf 84' lang='lat' dir='ltr'><em>iere.</em></span> <span class='ocrx_word' id='word_1_355' title='bbox 1320 2395 1489 2450; x_wconf 73' lang='lat' dir='ltr'><em>[ibant-J</em></span> <span class='ocrx_word' id='word_1_356' title='bbox 1525 2397 1633 2435; x_wconf 89' lang='lat' dir='ltr'><em>Belle</em></span> 
     </span>
     <span class='ocr_line' id='line_1_41' title="bbox 331 2451 1632 2503; baseline 0.001 -15"><span class='ocrx_word' id='word_1_357' title='bbox 331 2451 518 2501; x_wconf 81' lang='lat' dir='ltr'><em>equidem</em></span> <span class='ocrx_word' id='word_1_358' title='bbox 539 2451 648 2488; x_wconf 86' lang='lat' dir='ltr'><em>illud</em></span> <span class='ocrx_word' id='word_1_359' title='bbox 669 2452 958 2489; x_wconf 83' lang='lat' dir='ltr'><em>Declamatoris</em></span> <span class='ocrx_word' id='word_1_360' title='bbox 982 2453 1027 2488; x_wconf 85' lang='lat' dir='ltr'><em>in</em></span> <span class='ocrx_word' id='word_1_361' title='bbox 1049 2454 1214 2492; x_wconf 80' lang='lat' dir='ltr'><em>Sallust.</em></span> <span class='ocrx_word' id='word_1_362' title='bbox 1234 2468 1320 2503; x_wconf 81' lang='lat' dir='ltr'><em>cap.</em></span> <span class='ocrx_word' id='word_1_363' title='bbox 1344 2456 1381 2492; x_wconf 83' lang='grc'><em>5.</em></span> <span class='ocrx_word' id='word_1_364' title='bbox 1415 2455 1516 2492; x_wconf 81' lang='lat' dir='ltr'><em>Unus</em></span> <span class='ocrx_word' id='word_1_365' title='bbox 1540 2453 1632 2491; x_wconf 81' lang='lat' dir='ltr'><em>enim</em></span> 
     </span>
    </p>
   </div>
   <div class='ocr_carea' id='block_1_4' title="bbox 1714 306 1718 931">
    <p class='ocr_par' dir='ltr' id='par_1_8' title="bbox 1714 306 1718 931">
     <span class='ocr_line' id='line_1_42' title="bbox 1714 306 1718 931; baseline 0 0"><span class='ocrx_word' id='word_1_366' title='bbox 1714 306 1718 931; x_wconf 95' lang='lat' dir='ltr'><em> </em></span> 
     </span>
    </p>
   </div>
  </div>
 </body>
</html>
