1718 2919
308 232 361 271 42
595 221 1381 261 ADNOTATIONES'.

309 326 440 370 rivus,
463 327 536 363 ille
557 327 790 376 praesertim
815 327 1000 370 Italicus,
1023 326 1247 375 promiscue
1268 325 1461 363 utrolibet
1477 326 1605 364 nomi-

310 394 382 426 ne,
407 383 548 419 Crastis
574 389 613 419 et
636 383 804 426 Crathis,
830 382 955 418 fuerit
974 381 1212 429 adpellatus.
1242 380 1286 419 S.

372 446 432 482 14.
460 434 735 487 πολλαπλήσια)
763 440 917 474 lustum
949 437 1033 473 hoc.
1067 436 1130 473 Sic
1156 439 1242 474 VII.
1265 438 1328 480 48.
1351 435 1391 474 ‘ro'
1412 434 1604 476 'Ennvmdv

310 490 508 540 στράτευμα
539 495 690 533 Φαίνεται
720 491 1052 531 πολλαπλήσιον
1076 489 1209 529 ε”σεσθοιι
1228 492 1290 529 τοῦ
1312 491 1484 540 ἧμετέρουε
1517 496 1604 528 tum

312 548 415 585 Vlll.
442 556 528 590 ¹40,
551 560 582 583 1.
604 545 694 588 οἵλλη
714 548 876 592 παρέσται
897 548 1160 586 πολλαπλκτί-ηι
1191 552 1231 583 et
1249 559 1282 582 c.
1305 546 1393 590 143.
1424 548 1481 583 W
1492 546 1554 583 ES
1567 545 1605 583 S·

422 599 568 641 CAP.
585 601 674 640 XL
683 599 770 640 VI.
806 614 836 637 1.
867 601 1047 638 Συνέπλεον
1067 598 1097 638 δὲ
1119 603 1234 649 Δωριέΐ
1249 600 1334 648 etc.)
1364 602 1520 637 Praeter
1540 613 1607 649 po-

307 657 472 705 pulares
499 657 716 705 Spartiatas
743 657 879 693 nullos
907 667 927 691 e
950 655 1075 692 veteri
1102 656 1243 693 saltem
1270 655 1433 694 Graecia
1463 655 1609 692 habuit

310 711 481 749 Dorieus
506 715 729 755 σιπχκτίστκςτ
774 724 852 748 non
879 716 984 746 certe
1005 711 1283 757 Atheniensem,
1302 711 1464 760 qualem
1492 710 1607 747 nobis

309 766 509 815 interpres
527 768 687 815 praehet
702 768 907 804 Pausaniae
926 779 966 814 p.
986 775 1076 811 247.
1099 767 1170 802 ubi
1189 765 1370 809 'Mn'vxmffi
1386 766 1609 810 Athenaeus,

313 822 524 870 proprium
558 823 639 858 fnit
663 822 884 869 Spartiatae
914 832 1060 857 nomen
1077 848 1086 865 ‚
1115 821 1189 857 uni
1217 822 1282 859 τῶν
1310 820 1400 861 ἐμοῦ
1420 823 1537 869 Δωριεῖ
1553 841 1571 848 -
1588 841 1606 848 -

310 878 495 914 σταλέντων
524 878 551 920 ἐς
579 880 757 915 Σικελίκνε
787 877 909 925 quale
935 888 1080 912 nomen
1112 877 1178 912 hic
1201 875 1309 924 apud
1336 876 1474 913 Herod.
1498 875 1606 912 inter

310 934 517 974 συγκτίσας
553 939 609 968 est
641 933 829 975 Θέσσκλος.
872 934 1153 977 Memorantur
1183 931 1226 967 in
1265 930 1432 967 historia
1461 933 1606 969 Graeca

313 986 570 1024 Atheniensis
588 984 864 1030 Λκκεδαιμσίἰσς,
889 989 1016 1023 Lacon
1041 993 1177 1023 autem
1204 986 1271 1023 cui
1300 997 1445 1023 nomen
1482 985 1625 1023 fuerit„

313 1040 493 1084 Ἀθῆνκιιςι
524 1042 594 1078 hoc
619 1053 711 1078 vcro
735 1042 899 1078 nomine
918 1041 1092 1091 insignes
1119 1042 1288 1078 suerunt
1317 1040 1502 1090 plurimi.
1533 1042 1608 1077 Ta-

310 1096 369 1132 lia
392 1097 622 1145 frequenter
640 1103 734 1133 sunt
753 1098 803 1132 ab
822 1098 1111 1145 interpretibus
1130 1098 1351 1133 obscurata.
1379 1097 1438 1132 De
1455 1097 1608 1140 Dorico,

310 1151 384 1199 qui
398 1154 546 1201 perierit
562 1155 600 1188 in
614 1154 738 1189 Sicilia
752 1153 801 1188 ab
820 1152 1011 1202 Egestaeis
1028 1152 1280 1197 interfectus,
1301 1151 1449 1189 iterum
1468 1152 1609 1188 Herod.

313 1209 401 1244 VII.
428 1208 513 1244 153.
532 1214 570 1243 et
593 1208 682 1244 205.
715 1210 801 1244 Una
826 1220 921 1244 cum
943 1207 1019 1244 illo
1040 1208 1104 1245 hic
1129 1207 1238 1245 CAP.
1258 1207 1423 1244 XLVII.
1445 1205 1609 1254 periisse

315 1262 493 1298 traditur
513 1264 699 1312 Philippus
721 1264 956 1308 Crotoniata,
975 1263 1092 1300 cuius
1111 1262 1437 1311 Olympionicae,
1457 1261 1507 1297 ob
1531 1261 1611 1297 for·

313 1329 400 1353 mae
420 1319 701 1365 praestandam
723 1326 768 1354 ut
787 1319 915 1354 herois
934 1319 985 1354 ab
1000 1317 1191 1368 Egestfleis
1209 1317 1332 1361 culti,
1350 1315 1542 1354 meminit
1560 1328 1607 1352 ex

311 1374 450 1409 Herod.
474 1374 641 1410 Eustath.
662 1374 705 1410 in
730 1374 846 1411 Iliad.
865 1373 911 1416 γ’.
933 1387 970 1422 p.
991 1387 1090 1424 290,
1110 1374 1174 1410 55.
1195 1369 1259 1424 [p.
1282 1373 1373 1410 585.
1394 1372 1454 1409 ed.
1471 1367 1606 1423 Rom]

314 1429 391 1465 VA
402 1430 532 1466 LCK.

370 1483 404 1519 5.
432 1482 657 1531 Ἐγεσταίων)
687 1484 858 1521 Variare
886 1484 930 1519 in
953 1484 1065 1520 urbis
1086 1485 1239 1532 Egestae
1267 1482 1468 1530 scriptura
1493 1481 1609 1519 Codi-

312 1550 406 1574 cum
445 1546 664 1575 exaratores
696 1540 874 1586 locuples
907 1538 1015 1575 testis
1050 1539 1111 1576 Cl.
1148 1541 1289 1575 PVasse
1322 1537 1370 1574 ad
1403 1538 1608 1588 Thucydid.

314 1595 382 1629 VI.
405 1594 440 1630 6.
459 1600 527 1631 est.
558 1600 828 1632 ΕΓΕΣΤΑΙΩΝ
850 1594 965 1629 numi
988 1593 1095 1642 apud
1116 1595 1291 1630 Parmam
1312 1592 1353 1633 id
1382 1593 1607 1640 postulant.

313 1648 420 1695 quod
440 1655 542 1685 exsta
551 1654 576 1685 t.
614 1649 718 1685 Idem
741 1649 784 1684 in
809 1650 1039 1698 Thucydide,
1056 1650 1239 1692 Diodoro,
1257 1647 1354 1697 (non
1375 1653 1508 1684 tamen
1524 1647 1611 1684 sine

313 1702 508 1740 discordia
546 1704 619 1740 lib.
652 1706 721 1741 lv.
754 1702 847 1752 25.)
876 1706 1083 1748 Pausania,
1112 1705 1321 1753 Stephano;
1353 1702 1474 1739 etiam
1499 1702 1609 1739 infra

316 1760 401 1795 VII.
430 1759 515 1795 158.
545 1759 587 1795 in
613 1759 730 1797 ,Ar-ch.
753 1759 941 1807 aliisque.
975 1758 1063 1809 [ubi
1087 1759 1178 1795 vide
1207 1760 1297 1795 Var.
1321 1754 1436 1808 Lect.]
1465 1760 1607 1807 Legen-

314 1812 388 1848 dus
417 1819 473 1850 est
501 1814 752 1851 doctissimus
778 1815 989 1866 SJLbur-gius
1015 1814 1065 1851 ad
1092 1816 1249 1865 Dionys.
1270 1815 1464 1850 Halicarn.
1484 1812 1557 1849 lib.
1578 1815 1607 1850 1.

314 1869 411 1905 Ant.
426 1869 539 1904 Rom.
566 1883 602 1917 p.
623 1878 687 1913 42.
719 1870 899 1906 WESS.

372 1919 435 1973 [6.
472 1926 664 1971 περιεγένετο
691 1922 808 1961 <ndi-:v
827 1924 888 1961 τοῦ
917 1920 1064 1973 πάθεος)
1104 1923 1373 1972 Requirebam
1400 1923 1442 1961 ἐκ
1471 1919 1608 1960 retii-ov:-

315 1978 378 2015 sed
402 1978 733 2027 praepositionem
754 1978 942 2026 ignorant
966 1978 1065 2015 libri
1090 1991 1249 2025 omnes,
1273 1990 1376 2028 quae
1395 1977 1491 2014 adeo
1516 1978 1611 2014 sub-

317 2032 581 2082 intelligenda
604 2033 741 2069 fuerit.
769 2029 840 2083 8.]

379 2102 438 2125 10.
468 2095 525 2127 Πε
539 2085 780 2136 ιθαγὸρεω)
810 2091 988 2125 Numero
1007 2093 1219 2125 msstorum
1240 2086 1438 2136 Πυθαγόρεω
1461 2099 1607 2124 nomen

316 2143 456 2180 vincit.
498 2143 631 2179 Dubia
663 2149 794 2179 tamen
831 2143 873 2178 in
906 2155 947 2179 re
978 2143 1060 2191 pati
1093 2156 1274 2192 possum,
1311 2155 1432 2180 suum
1461 2141 1610 2190 cuique

318 2205 366 2235 ut
380 2199 431 2235 sit
447 2198 680 2234 arbitrium.
707 2195 804 2248 [Nec
818 2210 910 2234 vero
926 2197 1078 2233 mirum
1096 2205 1170 2243 est,
1191 2198 1349 2235 nomini
1366 2197 1504 2234 minus
1518 2204 1611 2234 noto

317 2253 499 2291 vicinum
525 2253 713 2289 omnibus
736 2253 992 2289 notissimum
1013 2254 1248 2300 praetulisse
1267 2248 1496 2303 librarios]
1530 2252 1612 2300 Op-

319 2321 466 2358 pressos
487 2308 624 2344 Dorici
653 2310 703 2345 ab
729 2307 928 2357 Egestanis
946 2307 1106 2344 comites
1126 2321 1206 2345 non
1227 2307 1434 2357 praeteriit
1452 2309 1612 2345 Pausan.

318 2364 394 2400 lib.
416 2365 475 2400 ΙΙΙ.
502 2365 560 2399 16.
595 2364 653 2399 De
682 2362 1079 2412 Carthaginiensibus
1106 2369 1144 2400 et
1164 2364 1262 2400 belli
1292 2363 1336 2399 in
1363 2364 1431 2400 hos
1454 2362 1614 2398 colonos

319 2418 530 2455 ambitioso
557 2419 687 2455 colore
715 2419 867 2455 Diodor.
896 2419 965 2454 IV.
984 2418 1046 2453 23.
1094 2418 1198 2455 Vide
1222 2421 1376 2456 Musam
1404 2419 1490 2455 VII.
1521 2417 1613 2452 205.

321 2476 403 2512 Iam
423 2471 645 2522 τυρκννίὸκ
665 2475 848 2521 ἐπεχείρησε
865 2472 980 2509 Arch.
1006 2472 1088 2519 [lin.
1109 2486 1119 2508 1
1136 2474 1185 2520 1.]
1209 2486 1289 2510 non
1308 2474 1395 2510 sine
1411 2472 1611 2521 exemplo:
