1718 2919
330 252 425 294 An
465 253 849 294 HERODOT.
878 255 931 296 V.
974 258 1136 305 42.43.
1342 261 1392 309 39

95 366 136 398 et
152 358 256 396 aliis.
288 361 345 396 Ex
362 361 524 410 Scylacis
544 372 581 406 p.
606 372 616 394 ι
633 372 693 395 12.
712 358 806 395 licet
822 360 1053 405 aestimare,
1074 373 1149 396 cur
1173 360 1214 395 hi
1238 360 1393 409 potissi-

96 428 211 452 mum
235 413 355 450 illinc
382 414 617 462 expulerint
640 414 870 462 spartiatas.
900 415 1128 452 Secundum
1152 417 1292 453 Herod.
1312 418 1394 453 Ma-

97 482 234 507 carum
257 468 456 506 Gindanes
478 469 589 505 fuere
608 469 732 505 vicini
751 496 760 513 ,
785 469 928 506 horum
953 470 1190 519 Lotophagi:
1225 469 1392 513 Ama-⁶00?-

99 541 164 568 γων
186 522 218 562 δὲ
243 521 343 575 (IV.
367 522 499 571 178.‚)
529 522 570 561 τὲ
602 522 697 571 παραὶ
722 522 910 562 θάλασσαν
933 522 1072 570 ἔχονται
1092 522 1271 570 Μάχλυες.
1304 527 1394 562 For·

96 585 194 617 tasse
213 578 413 625 Μαχλύων,
442 584 515 614 aut
541 578 711 615 alterius
729 578 915 615 Africani
937 579 1079 628 populi
1110 591 1255 616 nomen
1270 607 1280 625 ,
1311 592 1390 616 non

95 632 225 674 Λιβύων
253 634 462 682 scripserat
480 634 703 670 Herodotus.
723 635 938 671 VALCK.
969 654 1019 660 ——
1044 635 1166 671 Possis
1183 636 1241 671 καὶ
1261 633 1392 674 Λιβύων

95 688 326 738 intelligere
352 694 557 737 tamquam
581 694 678 724 esset
705 690 766 725 καὶ
789 686 903 725 ἄλλων
932 687 1072 729 Λιβύων.
1115 689 1187 726 Sed
1215 700 1265 724 ne
1293 702 1392 737 opus

96 743 261 792 quidem
288 749 346 779 est
377 748 422 779 ut
442 755 486 779 eo
510 742 802 793 confugiamus.
841 742 905 779 Ad
930 743 1118 781 Herodoti
1151 756 1303 780 morem
1335 745 1394 780 lo-

95 797 247 846 quendi
262 804 437 835 attentus
457 798 582 834 lector
600 798 679 834 iam
702 797 934 847 frequenter
954 799 1240 844 observaverit,
1257 798 1312 835 ita
1335 811 1394 835 so—

92 853 179 891 lere
198 853 321 889 illum
347 852 518 889 subinde
543 869 584 890 τε
612 855 681 890 καὶ
712 852 821 890 inter
845 853 927 889 duo
947 854 1112 890 nomina
1134 854 1393 899 interserere,

96 913 145 944 ut
175 919 255 944 non
271 908 548 957 distinguatur
571 909 747 944 alterum
777 909 827 945 ab
850 908 1001 953 altero,
1020 909 1084 945 sed
1115 915 1161 946 ut
1180 907 1393 958 (quemad-

97 963 262 1000 modum
294 964 375 1000 fere
396 963 439 998 in
463 965 691 1012 adpositione
713 976 836 1012 quam
860 970 1001 1000 vocant
1019 961 1307 1012 Grammatici)
1333 964 1393 1000 al-

94 1023 228 1055 terum
245 1019 372 1055 altero
390 1018 627 1054 declaretur.
666 1018 730 1055 Sic
751 1018 831 1054 iam
852 1018 958 1055 haud
982 1020 1124 1067 procul
1144 1032 1165 1056 a
1187 1018 1391 1068 principio

94 1073 248 1121 operis,
269 1073 341 1109 lib.
360 1076 389 1110 Ι.
418 1086 452 1109 c.
474 1086 491 1108 2
507 1100 516 1118 ‚
533 1088 570 1123 9.
599 1073 627 1116 ἒς
653 1071 738 1111 Αῗοίν
759 1090 802 1111 τε
824 1072 881 1113 erl-2
911 1071 1085 1119 Κολχίδα,
1117 1074 1197 1116 ait,
1228 1076 1305 1112 καὶ
1335 1074 1388 1111 ἐπὶ

95 1129 205 1166 Φσῗσιν
224 1127 396 1171 ποταμώ.
425 1131 454 1165 Ι.
477 1131 543 1173 16,
560 1136 597 1173 4.
627 1125 788 1175 Κυαξάρῃ
807 1144 848 1165 τε
870 1149 886 1155 -
905 1149 922 1155 -
943 1129 1125 1170 ἐπολέμησε
1145 1131 1217 1166 καὶ
1234 1125 1389 1169 Mn'Bom.

96 1184 128 1220 1.
156 1195 226 1229 ²7·
252 1197 288 1233 9.
322 1184 347 1225 ἐς
376 1180 495 1231 Σάρδις
523 1199 564 1221 τε
591 1185 664 1219 καὶ
693 1183 746 1220 ἐπὶ
779 1184 836 1219 σέε
874 1188 912 1218 et
939 1183 1095 1220 similia
1125 1183 1206 1219 alia
1244 1184 1388 1220 multa.

58 1242 62 1248 ‘
94 1238 169 1275 Pro
187 1237 416 1282 ἐξελαθεὶς,
450 1237 556 1287 quod
588 1239 652 1275 lin.
678 1245 739 1282 14.
764 1249 857 1273 cum
882 1237 976 1274 aliis
1002 1238 1226 1275 editoribus
1258 1238 1389 1275 tenui-

95 1305 187 1329 mus
201 1319 211 1338 ,
244 1298 427 1340 potuerat
447 1293 613 1342 perinde
630 1292 810 1340 asperior
836 1292 964 1329 forma
985 1293 1390 1342 ἐξελασθεὶςῬΓοῦη-

95 1347 147 1385 tis
175 1360 195 1384 e
214 1347 420 1384 codicibus
440 1348 579 1396 recipi.
606 1345 652 1385 S.

205 1401 352 1442 CAP.
365 1400 550 1442 XLIII.
573 1416 609 1439 2.
635 1400 713 1450 οἶν-ἦρ
730 1398 970 1451 Ἐλεώνιος)
999 1401 1186 1439 Eiusdem
1205 1404 1266 1440 Cl.
1286 1405 1388 1440 Parii

92 1456 278 1501 Ἐλικῶνιος
294 1458 522 1495 coniectura
542 1464 620 1502 est,
648 1457 977 1505 quandoquidem
997 1458 1113 1493 nulla
1135 1458 1178 1493 in
1201 1459 1390 1506 Pelopon-

95 1524 187 1549 neso
217 1514 312 1549 urbs
330 1515 462 1559 Eleon,
489 1512 695 1550 notissima
722 1514 868 1556 Helice,
892 1512 1009 1548 cuius
1033 1512 1184 1562 gentile
1204 1511 1389 1556 Ἐλικώνιις

93 1566 219 1604 lih.1.
243 1570 330 1612 148.
362 1571 471 1605 Esto:
505 1569 612 1604 unde
640 1568 880 1605 Anticlzarem
907 1567 1024 1603 domo
1055 1568 1388 1615 Peloponnesium

94 1622 217 1658 fuisse
237 1622 456 1674 discimus?
486 1636 560 1668 an,
593 1623 700 1672 quod
730 1633 817 1658 eam
845 1622 889 1658 in
920 1623 1122 1672 regionem
1158 1622 1294 1659 reduci
1312 1624 1389 1659 Do-

94 1676 178 1713 rieo
206 1676 366 1713 consilii
395 1678 591 1715 rationem
626 1676 906 1725 proposuerit?
936 1680 1025 1715 Nou
1055 1677 1214 1725 opinor.
1242 1677 1388 1715 Ἐλεῶνα

94 1733 207 1768 Poeta
238 1738 434 1769 memorat
459 1733 573 1770 Iliad.
598 1731 642 1772 β’.
670 1733 759 1768 500.
789 1737 829 1768 et
853 1733 983 1768 Strabo
1014 1744 1135 1780 prope
1167 1734 1387 1781 Tanagram

90 1782 158 1837 [in
175 1784 354 1838 Boeotia]
381 1787 452 1826 lib.
475 1790 541 1825 IX.
563 1801 600 1835 p.
620 1788 711 1823 622.
736 1783 801 1836 [p.
821 1786 912 1831 405.
931 1785 992 1823 ed.
1013 1784 1123 1836 Cas.]
1150 1786 1252 1823 Hine
1271 1785 1391 1824 Ἐλεώ-

92 1857 153 1884 νιος
165 1839 282 1889 'apud
311 1842 680 1892 Ethnieographum
710 1842 753 1876 in
785 1839 890 1878 Νεών.
927 1843 1078 1891 Erycem
1108 1842 1214 1889 quod
1243 1841 1391 1878 attinet

93 1901 133 1932 et
159 1898 370 1943 Herculem,
399 1898 466 1935 sibi
494 1900 717 1947 posterisque
745 1904 845 1933 certa
877 1899 955 1946 lege
982 1897 1178 1948 Erjy‘cinam
1207 1899 1389 1946 regionem

90 1952 360 2000 adquirentem‚
387 1953 435 1989 ad
457 1954 611 1990 Diodori
631 1952 705 1987 lib.
723 1954 792 1990 IV.
814 1951 877 1987 23.
905 1952 1131 2000 expositum
1158 1951 1252 1989 satis
1279 1957 1390 2000 puto.

95 2007 281 2047 WESS.

154 2061 191 2097 3.
219 2062 255 2099 ἐκ
275 2063 340 2100 τῶν
357 2061 493 2101 Λαΐου
517 2059 749 2110 χρησμῶν)
779 2060 938 2109 Quibus
957 2066 1105 2097 veteres
1124 2061 1392 2097 innotuerant

95 2114 277 2161 fatidici,
318 2117 380 2153 his
423 2117 610 2166 equidem
658 2115 898 2153 crediderim
941 2116 1015 2152 hoc
1058 2115 1103 2152 in
1141 2117 1227 2152 loco
1262 2118 1393 2153 Lai‘um

95 2181 208 2217 saepe
232 2170 354 2208 fuisse
372 2177 622 2221 suspectum3
657 2185 738 2220 quo
769 2170 934 2207 nomine
962 2176 1092 2208 vatem
1121 2172 1284 2208 oracula
1309 2171 1394 2206 edi-

97 2224 198 2261 disse
215 2238 294 2262 non
313 2226 440 2271 alibi,
460 2227 598 2273 credo,
625 2227 816 2276 legerant.
850 2228 894 2262 In
922 2227 1076 2262 Luciam·
1096 2229 1138 2262 T.
1160 2228 1223 2263 III.
1243 2239 1280 2274 p.
1300 2234 1392 2270 241,

99 2279 161 2315 23.
191 2283 366 2318 Salanus.-
399 2284 510 2332 Quis,
531 2281 609 2318 ait:
635 2295 789 2331 unquam
803 2279 927 2328 fando
953 2282 1093 2317 audivit
1116 2281 1310 2330 Telephum
1337 2282 1393 2317 in.-

97 2339 154 2370 ter
169 2342 268 2372 vates
288 2336 480 2374 habitum?
511 2337 582 2374 Sed
609 2336 676 2373 cui
698 2349 778 2372 non
800 2335 984 2372 innotuit
1009 2335 1163 2379 Τήλεμος
1185 2332 1390 2383 Εὖρυμίὲκς,

96 2386 134 2430 ἒς
172 2389 355 2439 μαντοσύνῃ
386 2392 567 2429 {uiuae-ro?
599 2391 722 2427 huius
747 2402 892 2427 nomen
925 2390 1016 2426 illic
1044 2403 1125 2426 non
1157 2389 1396 2426 dubitanter

99 2445 328 2490 ponendum
365 2459 435 2494 pro
464 2444 628 2491 Τνῖλεφος.
674 2448 748 2482 Hic
773 2446 922 2484 vellem
956 2455 1082 2493 aeque
1113 2443 1318 2481 commode
1344 2444 1395 2492 τῷ

100 2498 205 2536 Ααῗεν
232 2511 374 2537 verum
406 2513 552 2540 nomen
573 2514 593 2538 a
612 2512 676 2538 me
697 2507 822 2549 posset
839 2500 1032 2538 substitui
1049 2516 1057 2534 ε
1092 2500 1260 2550 longum
1277 2501 1395 2537 Grae-
