1718 2919
272 244 367 283 AD
414 240 963 281 HERODOT.VII.
1004 243 1222 290 124-128.
1322 242 1399 291 369

119 353 340 394 utrumque
368 346 517 395 legitur
541 347 628 382 VII.
653 345 763 394 196„
791 345 852 381 sed
883 351 921 381 et
945 344 1004 383 οὐκ
1020 344 1208 392 ,ἀντέχρησε
1234 345 1405 382 Herodo-

121 409 230 440 teum
252 407 327 437 est:
356 401 436 437 vid.
457 413 539 448 cap.
569 402 656 446 187.
683 401 900 437 VALCK.
919 420 970 426 -—
1000 400 1234 437 Articulum
1258 407 1350 437 ante
1369 401 1405 438 ἐκ

120 460 244 505 Kena-r.
276 455 461 505 ignorant
480 454 578 490 libri
608 465 764 490 omnes:
793 460 831 491 et
850 454 955 490 haud
985 466 1127 504 magno
1156 455 1408 493 incommodo

121 513 250 548 abesse
279 510 458 554 videtur,
485 522 612 558 quum
636 509 867 557 praesertim
895 510 997 545 haud
1028 511 1158 545 multo
1186 516 1278 546 ante
1300 511 1407 547 idem.

123 571 364 602 memoratus
385 565 507 601 fuerit
527 563 674 599 fluvius
690 588 700 608 ,
734 576 766 600 c.
794 573 887 608 124,
910 577 947 611 7.
975 563 1019 602 S.
1118 561 1123 564 ’

231 617 376 658 CAP.
398 616 694 658 CXXVIII.
716 631 746 655 1.
772 617 863 667 oz'a'fasae
883 618 927 655 τοὶ
947 617 1246 667 Θεσσαλικά)
1276 620 1410 657 Rediit

123 674 331 714 sollemnis
349 675 567 722 scriptura:
596 684 751 720 semper
776 674 971 715 Θεσσαλίη,
1001 671 1210 718 Osco-dmg,
1242 680 1413 714 Θεσσαλι-

124 728 185 772 κὲς
219 729 263 764 in
291 730 434 773 Musis,
465 729 676 779 Thucydide
706 734 744 763 et
768 733 948 763 veterum
978 727 1202 776 plerisque;
1236 743 1412 779 quorum

125 795 276 820 morem
301 783 361 820 Cl.
383 785 522 819 VVasse
541 782 586 818 ad
609 783 774 833 Thucyd.
793 784 822 818 I.
842 795 904 818 20.
920 782 1030 818 docte
1051 784 1243 830 exposuit.
1277 788 1416 823 Eusta-

120 838 265 874 thiana
296 837 406 874 enim
434 838 540 874 vocis
568 837 787 886 pingendae
819 836 1062 873 consuetudo
1088 837 1255 875 aliunde
1282 853 1414 888 proce-

125 893 209 938 dit,
226 904 296 928 nec
320 892 546 928 morabitur
564 892 1020 940 quemquam.WESS.
1038 911 1088 917 -—-
1119 893 1273 940 Capitis
1293 895 1415 933 huius

124 947 297 984 initium
320 948 529 983 Eustachius
548 946 681 996 attigit
702 948 743 981 in
770 946 882 983 Iliad.
904 945 951 983 B'.
974 958 1010 993 p.
1037 945 1126 982 255.
1150 951 1361 987 VALCK.
1398 958 1403 961 '

187 1003 223 1039 8.
251 1003 280 1044 ἔς
301 1000 561 1048 Περῥοιιβσῦς
584 1000 679 1050 παρὰ)
699 999 836 1047 Γόννον)
868 1002 984 1038 Aldus
1012 999 1066 1036 ita
1087 1008 1125 1037 et
1141 1003 1270 1046 Mssti3
1292 1005 1414 1042 etiam

129 1069 163 1093 c.
187 1058 298 1101 131.,
326 1056 423 1091 editi
443 1067 535 1091 vero
555 1067 586 1092 c.
614 1057 701 1102 173.
726 1061 765 1090 et
790 1056 877 1091 185.
906 1057 1009 1092 Bene
1028 1054 1271 1097 μενοπτόλεμοί
1287 1075 1321 1096 τε
1345 1067 1417 1098 Πε.

129 1113 267 1159 passio>
295 1112 429 1146 Poetae
455 1110 569 1146 Iliad.
590 1109 638 1147 B'.
659 1119 751 1160 749.
778 1109 926 1158 cogniti
959 1115 1071 1151 suut3
1109 1111 1169 1146 scd
1201 1118 1239 1147 et
1267 1115 1419 1150 solutae

129 1164 322 1201 orationis
343 1177 458 1210 usus,
483 1161 695 1215 [caninam
720 1165 876 1201 literam
897 1162 1166 1215 geminantis]
1195 1172 1315 1214 atque
1334 1169 1417 1216 ipsa

128 1219 256 1269 gentis
276 1219 438 1256 traditio
455 1219 562 1267 apud
580 1220 748 1256 Eustath.
777 1217 842 1268 [p.
864 1221 938 1263 254
953 1245 962 1261 ,
990 1231 1001 1253 1
1014 1231 1049 1254 2.
1070 1220 1129 1256 ed.
1145 1219 1252 1270 Bas.]
1282 1234 1327 1258 ex
1344 1227 1421 1261 Ste-

123 1275 270 1325 phano,
304 1285 444 1311 verum
480 1274 722 1323 integriore,
755 1286 877 1322 quam
909 1273 1029 1321 vulgo
1061 1274 1223 1322 legitur.
1271 1276 1419 1316 Γόννον

128 1341 289 1378 quoque
311 1330 568 1373 maluerunt,
593 1341 672 1364 non
692 1327 812 1372 Γάνον,
835 1328 1034 1376 quomodo
1053 1331 1168 1366 Arch.
1190 1330 1421 1380 iterumque

128 1397 164 1420 c.
189 1384 298 1430 ¹73„
326 1383 460 1420 eodem
482 1385 673 1421 Eustathio
702 1383 750 1419 ad
773 1384 880 1420 Iliad.
897 1381 946 1420 B'.
966 1396 1010 1430 p.
1031 1384 1129 1429 335,
1157 1385 1219 1434 39.
1247 1392 1421 1425 auctore.

130 1439 317 1479 WESS.

127 1524 131 1526 .
188 1506 238 1529 ,1ο
261 1507 333 1542 seq.
366 1492 467 1536 ἐσθεὶς
498 1494 526 1536 ἐς
551 1490 701 1532 Σιδωνίην
725 1492 777 1528 νέα
803 1490 895 1538 etc.)
927 1492 1090 1540 Semper
1125 1494 1263 1531 Xerxes
1297 1509 1421 1534 navem

133 1549 379 1585 conscendisse
408 1548 563 1584 dicitur
580 1549 785 1596 Sidoniam,
818 1545 901 1588 ὅκως
926 1563 968 1583 τι
991 1548 1086 1585 ἐθέλοι
1107 1549 1231 1586 τοιῃῧτο
1260 1552 1419 1590 maxima:

133 1603 190 1638 sic
210 1609 311 1638 recte
326 1603 465 1638 scribit
494 1605 541 1638 R..
562 1614 633 1649 pro
653 1618 713 1638 τοι.
734 1601 945 1637 VALCK.
967 1622 1016 1627 —
1058 1600 1140 1644 ὅκως
1163 1619 1200 1640 τι
1222 1602 1319 1650 (pro
1340 1604 1423 1650 ὅκως

132 1655 207 1704 τοι)
234 1657 353 1693 scribi
375 1664 576 1705 oportere,
600 1655 703 1693 docti
723 1654 802 1692 viri
831 1656 960 1692 Pavius
988 1662 1027 1693 et
1051 1659 1210 1694 Reiskius
1237 1659 1343 1695 belle
1367 1661 1425 1697 vi-

130 1711 292 1748 derunt.
312 1714 370 1749 W
384 1713 449 1749 ΕΞ
462 1713 499 1749 S.

196 1779 256 1802 11.
287 1763 408 1811 ἀνέδεξε
431 1762 601 1814 σημήϊον)
634 1766 734 1802 Haec
765 1764 1164 1802 voculam-videntur
1198 1768 1423 1816 requirere,

136 1833 216 1870 qua
253 1827 466 1857 nectantur
493 1833 584 1857 cum
609 1820 956 1856 antecedentibus:
995 1819 1115 1864 ἀνέδεξε
1141 1819 1177 1858 δὲ
1204 1823 1338 1864 σημήϊον
1365 1828 1424 1863 καὶ

135 1879 220 1913 τοῖσι
253 1874 386 1913 ἄλλοισι
412 1875 606 1917 ἀνοίγεσθαι.
639 1877 864 1912 VALCK.
884 1895 934 1902 —-
973 1878 1147 1924 Nempe,
1176 1889 1305 1925 quum
1333 1886 1425 1916 ante

137 1928 239 1973 ἔσβοὲς
263 1930 423 1965 nonnisi
443 1929 551 1965 nudo
573 1930 697 1966 inciso
714 1930 901 1966 distincta
926 1931 1053 1967 oratio
1073 1936 1192 1978 esset,
1212 1932 1424 1970 videbatur

137 1983 238 2027 s'oessoe'g
265 1984 312 2020 ad
341 1985 526 2032 superius
551 1985 649 2021 ἐποίεε
678 1985 843 2020 referri:
873 1984 1048 2034 adeoque
1078 1985 1221 2021 deinde
1249 1988 1427 2036 require-

137 2039 259 2074 batur
290 2039 545 2075 coniunctiva
582 2039 798 2085 particula,
832 2052 953 2087 quam
989 2040 1152 2088 quidem
1189 2048 1273 2088 post
1303 2041 1425 2087 οἰνέὸεξε

137 2092 327 2141 ignorant
354 2093 452 2129 libri
489 2106 636 2130 omnes.
679 2095 794 2130 Recte
812 2092 1023 2141 Schaeferus
1053 2101 1145 2131 ante
1175 2095 1275 2138 {cssdg
1304 2099 1425 2145 paulo

139 2147 330 2184 maiorem
363 2148 683 2193 distinctionem,
716 2150 878 2197 qualem
906 2157 944 2185 et
974 2156 1104 2185 noster
1129 2149 1211 2186 cod.
1241 2152 1282 2186 F.
1308 2164 1427 2201 agno-

139 2201 231 2245 scit,
271 2203 426 2250 posuit:
469 2209 590 2251 atque
627 2203 681 2239 ita
725 2203 929 2240 commode
963 2204 1138 2252 procedit
1170 2205 1316 2246 oratio;
1360 2219 1427 2242 ne-

141 2268 221 2304 que
241 2269 338 2307 opus
368 2257 448 2293 suit
470 2256 500 2295 δὲ
528 2258 726 2306 particula
742 2285 752 2302 7
782 2271 902 2307 quam
928 2265 1011 2306 post
1031 2257 1132 2301 ἐσβσῖς
1156 2258 1260 2294 idem
1282 2259 1428 2308 Schaef.

141 2322 188 2345 ex
216 2312 330 2347 Arch.
348 2311 524 2349 adscivit.
567 2312 796 2360 Asyndeton
819 2319 926 2348 amat
958 2314 1136 2360 Scriptor
1158 2321 1312 2359 noster,
1347 2328 1426 2364 qua

141 2365 266 2414 magis
292 2365 496 2402 animetur
528 2368 678 2403 oratio:
721 2375 759 2404 et
794 2368 949 2404 credere
981 2368 1035 2402 fas
1068 2374 1147 2411 est,
1178 2369 1428 2406 coniunctio-

142 2431 233 2457 nem
254 2420 369 2456 illam
394 2421 436 2455 in
468 2423 583 2458 Arch.
604 2434 650 2457 ex
679 2423 830 2459 scholio
859 2418 1024 2472 (qualia
1050 2423 1180 2458 multa
1212 2422 1285 2458 ille
1310 2425 1427 2460 codes:

142 2474 285 2523 habet)
309 2486 387 2511 esse
405 2475 610 2513 adiectam.
639 2476 683 2514 S.
729 2515 733 2518 ,

191 2531 369 2567 Herodot.
391 2531 435 2566 T.
453 2530 518 2567 VI.
538 2532 580 2568 P.
596 2532 628 2568 Ι.
1092 2530 1128 2567 A
1144 2543 1165 2566 a
