1718 2919
285 223 363 266 308
554 219 1312 260 ADNOTATIONES

284 325 482 375 suspicio,
502 324 677 370 νοὶξκντες,
715 326 756 369 εἷς
775 325 923 364 τούπίσω
943 323 1237 374 ἀναχωρήσαντες,
1272 328 1318 360 ut
1342 324 1590 374 conplanandt'

283 382 621 433 significationem
634 410 644 426 ‚
673 393 775 429 quae
795 381 917 417 huius
936 386 994 417 est
1014 380 1117 423 loci,
1139 386 1177 416 et
1196 380 1256 417 τοῦ
1271 377 1474 422 κατανοέγειν
1494 379 1587 415 iun-

283 438 403 474 xerit.
431 439 484 474 H.
512 437 716 486 Stephanus
736 436 848 474 Thes.
877 437 919 472 T.
941 438 1010 472 IV.
1031 448 1116 484 pag.
1147 448 1158 470 ι
1176 435 1262 481 157.
1287 434 1432 470 horum
1460 435 1588 471 inme-

284 506 396 537 mor,
416 490 604 534 κατανοέγω
625 492 825 540 Conperto.
852 493 1016 540 Affertur
1047 492 1140 526 enim
1165 487 1413 533 κατανάξαντες
1438 490 1501 531 γῆν
1517 503 1587 538 pro

286 550 556 597 Conportantes
584 548 850 596 iniicientesque
877 553 1025 582 terram.
1068 548 1134 581 Est
1155 556 1201 580 ex
1223 542 1497 582 κατανοέσσω.
1541 546 1586 581 In

284 603 437 652 Iosepho
458 603 558 640 Bell.
577 601 663 638 Iud.
685 603 715 638 Ι.
739 614 756 636 2
770 614 781 636 1
798 627 807 645 7
829 614 866 647 7.
893 600 1037 645 νοίγμοι,
1065 607 1166 636 terra
1184 601 1346 648 stipata:
1379 599 1502 648 πύργος
1530 615 1588 636 νοε-

287 657 367 701 στός
388 657 486 693 ibid.
511 660 561 694 V.
590 666 633 702 4,
653 656 690 692 3.
717 657 837 693 solida
864 661 904 692 et
931 655 1015 691 bene
1041 661 1243 704 conpacta,
1273 653 1355 690 sive
1376 654 1584 697 νεναγμένος,

286 712 487 762 quomodo
507 711 616 749 Mssti
635 711 779 759 Antiq.
794 713 884 747 XV.
904 726 924 760 ι)
939 737 949 755 ,
969 711 1006 746 6.
1026 709 1243 747 verissime.
1273 710 1390 745 Porro
1411 707 1591 756 Φραγμδν,

287 783 403 818 sepem
435 768 520 803 hinc
553 773 661 816 atque
696 766 780 802 hinc
808 772 1060 815 praetensam,
1100 767 1243 801 Tzetzes
1275 779 1502 812 χειραγωγους
1532 765 1592 801 καὶ

287 825 506 866 uxelo-uam,
536 824 720 859 Arrianus
744 820 863 860 ’.Amss
883 823 935 858 V.
955 833 992 866 7.
1021 822 1198 862 κλίμακας
1211 844 1222 861 ,
1250 818 1321 854 ubi
1350 819 1593 855 excellenter

289 880 514 922 Gronovius,
535 877 757 924 adpellant.
804 875 1028 924 Ὑπερορῶντοι
1059 887 1139 911 non
1170 879 1307 918 muto,
1338 886 1476 910 rarum
1498 873 1593 922 qui-

286 934 376 969 dem
399 932 472 969 tali
493 945 567 968 usu
583 959 593 976 ⁷
613 931 677 968 sed
699 929 864 979 proprio
885 936 923 966 et
946 938 1088 967 vetere.
1116 929 1293 967 WESS.
1316 949 1365 954 —
1396 929 1592 976 παρείρυσαν

286 986 368 1026 ἔνθεν
398 989 456 1025 καὶ
480 985 586 1031 ἔνθεν,
617 987 807 1024 secundum
834 993 1019 1035 utrumque
1047 988 1143 1022 latus
1165 986 1393 1021 duxerunt
1417 989 1592 1031 septum.

285 1044 345 1080 De
364 1043 485 1080 verbo
505 1041 628 1090 εἰρύσαι
657 1041 749 1078 vide
773 1042 900 1078 l'Vess.
921 1041 969 1076 ad
987 1041 1075 1077 VH.
1095 1048 1144 1085 24
1158 1067 1168 1085 ,
1192 1040 1228 1076 5.
1256 1037 1302 1077 S.

399 1094 546 1136 CAP.
565 1092 833 1135 XXXVII.
854 1093 920 1146 [2.
941 1095 974 1133 οἵ
985 1111 1018 1133 τε
1039 1094 1162 1143 χυτοὶ)
1185 1097 1272 1131 Huc
1291 1099 1466 1142 spectare
1485 1094 1594 1131 vide-

288 1158 358 1189 tur
378 1153 502 1202 glossa
530 1152 639 1200 apud
658 1152 803 1189 saidam
819 1167 828 1185 .·
850 1149 974 1189 Χυτέν·
992 1152 1122 1196 χῶμοιε
1150 1156 1189 1186 et
1206 1149 1312 1198 apud
1338 1149 1501 1200 Hesych.
1522 1155 1595 1188 Χυ-

287 1206 358 1246 τόν·
380 1205 537 1253 χωστδν,
575 1209 633 1245 καὶ
662 1206 703 1244 rei
735 1208 857 1252 χᾶμα.
903 1206 1044 1241 Altera
1079 1219 1168 1254 pars
1196 1204 1362 1249 scholii,
1399 1204 1507 1253 quod
1536 1209 1595 1241 est

286 1263 395 1312 apud
431 1268 679 1310 utrumque,
710 1260 886 1308 pertinet
909 1260 957 1296 ad
977 1262 1023 1297 II.
1052 1260 1124 1311 69,
1156 1261 1193 1297 6.
1224 1259 1338 1306 Quod
1359 1257 1465 1305 χυτδν
1486 1258 1594 1308 (non

287 1316 395 1364 χυτδς
413 1323 486 1353 aut
505 1318 630 1363 χυτοὶ)
652 1316 848 1353 scribitur
869 1315 977 1363 apud
1000 1316 1067 1351 hos
1088 1315 1422 1364 Lexicographos‚
1450 1313 1490 1350 id
1515 1315 1596 1352 for-

288 1379 385 1409 tasse
417 1384 464 1408 ex
495 1371 725 1409 vetustioris
758 1371 988 1418 cuiuspiam
1022 1370 1288 1408 Grammatici
1321 1370 1596 1407 observatione

286 1428 483 1472 ductum,
516 1438 620 1475 quae
649 1426 885 1462 huiusmodi
919 1425 1069 1462 fuerit:
1101 1426 1213 1465 Χυτόν
1242 1426 1330 1468 λέγει
1356 1422 1529 1473 Ἡρόδοτος
1551 1423 1594 1464 τὲ

288 1481 424 1529 χωστδν
448 1484 507 1519 καὶ
526 1480 567 1519 ro*
590 1483 712 1527 χεῖμα.
741 1478 813 1531 8.]

346 1551 382 1587 9.
407 1535 476 1574 οὔτ’
502 1537 768 1581 ἐπινεφέλων
798 1532 947 1585 ἐόντων)
978 1537 1195 1573 Aristoteles
1224 1535 1419 1574 Problem.
1448 1537 1597 1574 XXIV.

297 1592 397 1630 Sect.
423 1605 482 1638 ¹7·
510 1591 623 1627 iuvat
642 1591 837 1628 Codicum
863 1592 1108 1639 scripturam
1123 1617 1132 1634 ‚
1166 1590 1364 1640 rogitans,
1393 1589 1462 1628 Διεὲ
1485 1593 1519 1628 τί
1536 1591 1599 1634 τῖῐς

290 1647 412 1694 αἰθρίαις
433 1647 568 1688 μᾶλλον
590 1646 707 1692 ’ψύχος
726 1648 875 1688 γίνεται,
910 1645 931 1685 ἢ
959 1646 1221 1687 ἐπινεφέλων
1251 1643 1356 1683 δ’ντω
1369 1662 1396 1682 ν.
1424 1647 1496 1682 Per
1522 1658 1596 1682 au·-

290 1706 370 1738 tem
396 1701 501 1738 mira
527 1701 622 1737 solis
649 1702 743 1737 haec
770 1701 972 1737 obscurati
1003 1700 1239 1748 descripti0;
1276 1700 1368 1737 talis
1400 1701 1597 1748 profecto,

290 1763 338 1793 ut
361 1768 496 1794 veram
524 1756 684 1805 eclipsis
709 1769 886 1792 caussam
918 1761 990 1792 aut
1013 1756 1261 1803 exploratam
1295 1768 1375 1791 non
1407 1755 1598 1792 habuerit

288 1813 521 1856 Herodotus,
540 1817 613 1847 aut
638 1811 784 1861 tragice
802 1810 1178 1859 circumscripserit.
1210 1810 1315 1858 Quid
1339 1810 1449 1846 enim
1472 1809 1598 1854 ὄῖἷλιος

289 1866 432 1904 ἐκλιπών
457 1865 515 1906 την
539 1867 574 1903 ἐκ
592 1867 652 1904 τοῦ
671 1865 805 1915 οὖρανοῦ
823 1863 934 1914 ἵδρηνὲ
971 1866 1042 1903 Sed
1064 1877 1205 1902 verum
1229 1867 1336 1901 hunc
1355 1866 1450 1902 solis
1474 1865 1595 1902 fuisse

287 1922 488 1957 desectum
516 1927 662 1970 negant
694 1921 881 1970 plerique
908 1921 1091 1957 sideralis
1115 1921 1305 1958 scientiae
1336 1921 1596 1969 professores,

286 1977 386 2013 Seth.
421 1977 597 2013 Caluisius
634 1976 825 2013 Chronol.
855 1978 966 2013 Ann.
1004 1977 1143 2023 3470„
1179 1977 1229 2013 D.
1261 1977 1426 2013 Petamus
1459 1977 1597 2013 Doctr-

287 2034 424 2079 Temp.
453 2031 527 2068 lib.
555 2033 604 2068 X.
632 2032 695 2068 25.
716 2033 769 2068 H.
793 2033 1002 2069 Dodwezlus
1035 2031 1186 2068 Annal.
1213 2031 1391 2080 Thucyd.
1423 2044 1509 2081 pag.
1531 2040 1597 2078 47.

234 2090 238 2096 ’
288 2086 475 2126 WESS.

344 2141 437 2178 Ibid.
468 2139 542 2178 α’ντὶ
570 2140 686 2188 η’μέρης
706 2156 740 2178 τε
761 2139 816 2184 vti}
840 2138 990 2187 ἐγένετο)
1023 2141 1177 2189 Supra,
1204 2143 1232 2178 Ι.
1252 2153 1337 2188 cap.
1365 2142 1452 2178 103.
1466 2168 1476 2187 ‚
1497 2141 1553 2186 νύξ
1573 2141 1594 2183 n‘

289 2196 392 2244 ἧμέρη
411 2195 547 2237 ἐγένετο.
578 2196 675 2242 Cap.
690 2205 753 2242 74.
768 2194 926 2236 συνήνεικε
956 2194 1039 2233 ὥστε
1054 2217 1098 2224 -·
1113 2195 1171 2237 την
1188 2195 1302 2243 ἡμέρην
1317 2194 1467 2239 ἐξαπίνης
1488 2195 1594 2234 νύκτα

284 2251 446 2294 γενέσθαι.
477 2251 617 2287 Primus
637 2250 754 2285 istam
771 2248 1005 2298 defectionem
1021 2253 1106 2288 solis
1117 2277 1126 2294 ‚
1144 2265 1232 2300 quae
1249 2254 1418 2302 Astyage
1434 2265 1595 2301 regnan-

288 2312 323 2342 te
332 2303 447 2352 facta
463 2311 517 2342 est
529 2334 538 2350 ‚
554 2304 917 2353 praedixissefirtur
936 2306 1118 2343 Milesius
1135 2306 1275 2342 Thales
1290 2332 1300 2349 ‚
1321 2306 1434 2342 iuxta
1450 2307 1589 2343 Herod.

287 2366 327 2397 et
353 2361 517 2398 Ciceron.
545 2360 594 2396 de
616 2361 856 2411 Div.1.s49.
886 2362 1054 2397 Causam
1082 2361 1176 2397 solis
1205 2360 1405 2397 obscurati
1431 2361 1591 2398 dudum

286 2420 380 2451 ante
407 2415 634 2452 naturalem
662 2415 820 2452 Graecis
847 2415 928 2452 iam
962 2416 1181 2452 tradiderat
1212 2416 1459 2461 Palamedes,
1498 2422 1593 2453 teste

284 2471 464 2511 Philostr.
485 2483 571 2521 pag.
585 2483 687 2521 709.
719 2470 795 2508 Hic
823 2470 931 2521 apud
950 2473 1091 2509 Herod.
1119 2471 1137 2510 ὁ
1161 2469 1315 2515 maog--
1332 2492 1350 2500 -
1369 2469 1500 2517 σι’φοινης
1525 2473 1587 2515 ἦν,
