1718 2919
322 241 400 282 290
595 230 1349 273 ADNOTATIONES

319 338 425 386 apud
448 338 588 374 Herod.
615 337 860 386 simpliciter
885 340 1056 389 legitur:
1087 355 1183 391 aqua
1212 341 1370 383 ἐπέλιπε,
1401 338 1557 388 defecit,·
1586 346 1626 379 et

321 394 455 431 ἐπέλιπε
474 391 514 431 τὲ
535 394 666 441 ῥέεθρον,
691 393 930 441 ubiflumina
948 396 1071 432 Persis
1089 403 1312 433 narrantur
1330 403 1449 445 epota.
1468 399 1629 434 Aristid.

320 451 362 485 T.
380 450 408 485 Ι.
431 462 469 496 p.
488 448 578 484 223.
608 447 654 485 τοὶ
682 448 803 485 ἐκείνων
827 448 977 494 ῥεύματα
997 471 1014 479 -
1031 472 1048 478 -
1065 471 1083 478 -
1112 450 1180 489 dno*
1201 451 1297 499 Ξέρξῃ
1324 449 1442 489 πάντα
1473 452 1625 490 ἐπέλιπε.

320 504 475 541 Diodor.
493 505 536 540 T.
556 504 584 539 I.
604 516 642 551 p.
658 512 749 548 407.
769 499 869 554 [lib.
885 507 951 541 XI.
979 518 1012 542 c.
1038 502 1096 556 5.]
1127 508 1211 548 Φασὶ
1234 504 1309 548 mk
1337 505 1489 548 αἐννοέπς
1515 521 1627 543 ποτα-

319 558 402 602 μοῦς
425 556 480 596 διαὶ
498 556 556 599 viv
579 559 641 595 τοῦ
660 556 803 602 πλῆθους
833 560 1001 605 συνέχειαν
1022 561 1196 598 ἐπιλιπεῖν.
1227 560 1357 597 Huius
1384 561 1440 596 rei
1464 567 1622 608 praeter

317 620 464 650 ceteros
484 614 621 649 Poetae
648 625 809 662 quoque
838 614 972 650 Latini
1005 615 1294 652 meminerunt.
1325 616 1478 652 VALC
1490 618 1538 652 K.
1569 636 1622 643 —

319 670 428 706 Licet
447 668 629 705 absolute
653 668 755 704 alibi
777 675 953 717 ponatur
969 671 1139 707 verbum
1160 671 1355 712 ἐπιλείπειν,
1380 682 1626 719 percommo-

317 725 366 761 de
390 730 522 761 tamen
543 723 665 760 etiam
697 736 918 772 pronomen
939 740 996 768 μιν
1020 725 1156 762 locum
1176 738 1296 762 suum
1324 725 1389 762 hic
1409 725 1515 762 tueri
1538 731 1626 774 pot-

318 785 389 817 est.
415 777 461 818 S.

442 831 589 874 CAP.
626 830 789 873 XXII.
823 847 856 871 1.
903 837 960 872 καὶ
992 835 1090 872 τοῦτο
1123 838 1203 877 μὲν,
1246 834 1286 877 ὥς
1320 833 1621 883 προσπταισάντων

313 886 415 940 etc.)
446 891 583 940 Vulgo
601 895 821 926 vertuntur
840 895 878 926 et
897 895 1121 926 sumuntur
1148 903 1191 926 ac
1209 890 1241 926 si
1267 889 1473 938 superiora
1497 891 1626 939 respi-

313 946 446 991 ciant,
476 957 601 994 eaque
625 958 755 981 unum
784 950 948 992 propter
977 945 1113 981 Athon
1135 945 1218 981 sint
1246 952 1381 993 parata
1406 951 1529 995 atque
1558 945 1624 982 in-

312 1006 476 1039 structa.
534 1000 777 1038 Laurentius
800 1016 806 1033 :
853 1014 942 1049 quae
981 1002 1137 1036 triennio
1182 1002 1363 1049 superiore
1394 1008 1624 1050 praeparata.

311 1063 441 1101 erant5
474 1056 607 1101 alius,
636 1070 745 1105 eaque
779 1057 936 1092 triennio
964 1062 1192 1105 praeparata
1226 1063 1298 1091 ete.
1339 1057 1568 1104 Utrumque
1597 1069 1621 1094 a

311 1111 529 1159 Scriptoris
551 1111 741 1148 instituto
762 1111 897 1160 longe,
927 1123 998 1148 nec
1022 1113 1170 1148 Ρανίιιηι
1191 1111 1314 1161 fugit,
1341 1112 1515 1147 aberrat.
1545 1112 1622 1148 Or-

309 1167 427 1203 ditur
454 1166 565 1202 enim
598 1167 663 1202 hic
682 1166 947 1202 moliminum
975 1173 1112 1202 contra
1143 1170 1306 1203 Graecos
1334 1166 1479 1212 initia,
1512 1167 1621 1204 clare

310 1223 475 1267 docens⁷
493 1223 715 1270 superbum
741 1233 871 1270 regem
900 1228 1036 1258 contra
1057 1222 1193 1258 Athon
1225 1221 1328 1258 iram
1355 1221 1489 1269 primo
1515 1233 1624 1259 exse·

310 1278 459 1321 ruisse,
480 1277 631 1325 illique
651 1290 671 1313 a
689 1277 922 1314 continente
942 1277 1150 1314 avellendo
1176 1277 1256 1313 iam
1279 1283 1372 1313 ante
1389 1276 1619 1314 triennium

309 1345 475 1381 operam
502 1333 624 1369 fuisse
646 1332 871 1380 inpensam.
905 1336 1053 1370 Errant
1068 1345 1158 1382 ergo
1174 1359 1184 1377 ,
1204 1332 1277 1381 qui
1302 1339 1380 1369 tres
1404 1332 1473 1369 hos
1493 1345 1620 1370 annos

309 1388 463 1425 eosdem
491 1394 698 1432 statuunt,
729 1400 774 1423 ac
804 1393 981 1436 quatuor
1000 1388 1215 1436 adparatus
1237 1388 1286 1424 ad
1313 1387 1469 1424 bellum
1496 1400 1530 1425 c.
1551 1402 1618 1428 20.

310 1445 372 1480 uti
392 1444 599 1480 Dodwellus
616 1444 767 1480 Annal.
788 1443 1009 1492 Thucydid.
1030 1456 1068 1492 p.
1082 1451 1167 1488 443
1189 1443 1257 1479 illi
1284 1443 1394 1479 enim
1416 1444 1554 1491 pleni,
1578 1449 1619 1481 et

307 1499 357 1535 ad
379 1498 614 1535 universum
633 1498 900 1547 expeditionis
925 1505 1110 1547 paratum
1124 1526 1134 1543 ‚
1167 1498 1209 1534 hi
1241 1498 1350 1535 intra
1371 1510 1511 1535 eorum
1532 1511 1618 1536 am·

307 1554 443 1590 bitum
467 1560 631 1603 propter
650 1554 786 1590 Athon
810 1560 937 1591 erant.
980 1556 1119 1602 Neque
1138 1560 1248 1590 extra
1272 1566 1389 1590 usum
1409 1581 1419 1598 ‚
1448 1560 1494 1590 ut
1516 1555 1618 1592 τοῦτο

307 1611 366 1652 μὲν
388 1622 532 1645 novam
550 1609 761 1658 periodum
775 1636 785 1653 ‚
806 1622 886 1645 non
901 1609 1125 1658 excipiente
1143 1610 1241 1647 τοῦτο
1263 1606 1293 1647 δὲ
1307 1635 1317 1652 ,
1337 1608 1520 1654 inchoet,
1549 1609 1614 1645 uti

308 1664 382 1700 lib.
403 1666 473 1702 VI.
502 1678 535 1701 c.
560 1665 648 1701 125.
678 1665 863 1703 WESS.
894 1685 945 1691 -—-
988 1666 1121 1702 Verba
1144 1664 1217 1701 ista
1237 1667 1306 1702 Καὶ
1331 1665 1429 1702 τιῧτο
1458 1667 1518 1707 μὲν
1545 1671 1616 1702 ete.

308 1731 518 1768 perperam
535 1720 656 1770 vulgo
674 1719 952 1767 superioribus
966 1720 1022 1756 ita
1042 1720 1178 1756 iuncta
1199 1726 1337 1764 erant,
1364 1725 1409 1755 ut
1431 1731 1511 1755 non
1531 1732 1618 1756 mo·

306 1774 356 1811 do
391 1775 528 1811 eadem
562 1787 656 1811 cum
691 1774 778 1811 illis
809 1775 982 1811 sectione
1015 1775 1318 1822 comprehensa,
1352 1773 1415 1810 sed
1445 1775 1495 1811 ab
1524 1773 1614 1811 illis

306 1829 430 1866 etiam
463 1830 628 1867 nonnisi
663 1830 821 1866 minore
851 1837 1000 1878 puncto
1039 1830 1227 1867 distincta
1264 1836 1404 1866 essent.
1457 1832 1536 1867 Nos
1561 1830 1612 1866 ab

306 1884 455 1921 eisdem
482 1885 613 1923 verbis
637 1885 729 1922 novi
753 1885 907 1933 Capitis
930 1885 1100 1922 initium
1124 1885 1314 1930 fecimus,
1344 1898 1474 1933 quum
1495 1890 1611 1921 antea

306 1952 327 1976 a
347 1940 479 1977 verbis
507 1940 549 1979 ‘O
577 1938 761 1986 γάρἸΑθως
781 1938 868 1991 (Ζίη.
887 1937 955 1991 9.)
990 1942 1129 1990 Capitis
1161 1941 1293 1978 XXII.
1317 1943 1458 1976 initium
1482 1940 1611 1989 signa-

308 2000 397 2031 tum
428 2002 545 2038 esset3
576 2008 699 2044 quam
730 1996 928 2032 rationem
953 1996 1074 2032 etiam
1104 1998 1233 2034 W‘ess.
1262 1996 1305 2031 in
1329 1997 1527 2033 Contextu
1558 2001 1613 2031 te-

307 2057 465 2088 nuerat.
504 2050 760 2088 Familiarem
783 2054 926 2088 Nostro
949 2052 1170 2088 formulam
1196 2052 1332 2090 Τοῦτο
1362 2054 1436 2094 μέν
1467 2050 1611 2099 utique

308 2118 388 2141 non
415 2118 572 2154 semper
593 2105 744 2153 excipit
762 2107 859 2144 τοῦτο
881 2104 933 2148 δὲ,
963 2107 1026 2143 sed
1059 2107 1141 2143 alia
1170 2106 1294 2142 dictio
1314 2106 1493 2142 similem
1514 2105 1613 2142 huic

304 2160 390 2197 vim
416 2162 583 2198 habens:
616 2160 866 2209 omninoque
894 2163 991 2199 τοῦτο
1024 2166 1081 2204 μὲν
1113 2173 1226 2210 saepe
1254 2160 1359 2197 idem
1394 2161 1476 2197 fere
1504 2160 1611 2197 valet

305 2227 350 2251 ac
367 2219 493 2263 πρῶτον
512 2219 570 2258 μὲν
583 2243 592 2260 ‚
606 2218 761 2264 primum
781 2217 1011 2266 quidem,vel
1027 2245 1036 2262 .,
1058 2225 1096 2254 ut
1114 2218 1159 2254 ab
1180 2218 1246 2253 hoc
1265 2218 1447 2265 incipiam.
1471 2219 1610 2264 Itaque

306 2270 374 2305 illi
402 2273 500 2309 τοῦτο
527 2274 604 2312 μὲν,
637 2271 742 2319 quod
774 2272 846 2307 lib.
868 2273 938 2308 VI.
960 2285 992 2308 c.
1020 2275 1114 2317 125.
1137 2274 1174 2309 3.
1204 2272 1375 2321 legitur.
1399 2271 1608 2320 respondet

304 2324 407 2363 merx*
427 2323 481 2370 δὲ,
500 2326 622 2362 initio
637 2326 779 2374 capitis
803 2340 814 2362 1
828 2327 890 2363 26.
922 2327 985 2363 Ad
1009 2330 1107 2366 τοῦτο
1127 2331 1207 2371 μέν,
1225 2328 1415 2371 VIL176‚
1435 2340 1467 2365 1.
1487 2325 1608 2362 reser-

306 2386 375 2416 tur
395 2381 495 2417 ibid.
520 2381 594 2417 lin.
617 2382 652 2417 6.
681 2379 750 2420 ἡδὲ
776 2376 823 2419 αἱ
843 2389 909 2420 ecc.
949 2383 1032 2419 Lib.
1057 2385 1120 2419 ΙΙΙ.
1150 2396 1181 2419 e.
1212 2384 1298 2418 103.
1326 2383 1442 2418 habes
1472 2380 1546 2416 lin.
1569 2382 1608 2418 8.

303 2436 400 2473 τοῦτο
414 2439 490 2478 μὲν,
507 2436 554 2472 ad
570 2436 674 2485 quod
691 2437 831 2485 paullo
848 2443 933 2485 post
946 2437 1039 2486 (lin.
1057 2436 1134 2485 13.)
1152 2439 1326 2474 refertur
1345 2436 1365 2477 ἦ
1384 2434 1413 2474 δὲ
1428 2434 1463 2477 δὲ
1477 2438 1606 2473 λέαινα.
1659 2458 1662 2461 -

303 2492 383 2526 Hoc
400 2491 507 2536 loco,
527 2491 571 2528 in
588 2505 670 2540 quo
685 2504 914 2539 versamur,
928 2492 976 2529 ad
991 2494 1099 2532 Toga-2
1115 2497 1195 2538 μὲν,
1212 2506 1233 2529 a
1251 2506 1332 2541 quo
1353 2491 1500 2539 incipit
1515 2502 1608 2526 nar-
