1718 2919
307 218 359 260 92
585 208 1333 250 ADNOTATIONES

363 312 398 349 3.
418 311 490 350 οὔτε
509 330 548 351 τι
565 313 792 357 ἐξεκομίσαντο
813 311 903 351 ου’δέ
917 311 953 362 ν)
975 311 1047 351 οὔτε
1066 330 1105 351 τι
1120 340 1129 358 ,
1151 326 1172 349 a
1196 314 1377 350 Gronovio
1398 312 1487 350 iure
1510 315 1598 352 lau-

304 367 468 409 datum,
490 369 550 405 sed
579 369 801 405 infeliciter
818 369 1024 405 defensum
1039 395 1048 413 ,
1072 369 1115 403 in
1139 381 1208 404 sua
1236 369 1386 405 iterum
1410 368 1498 405 sede
1521 374 1597 405 sta-

304 422 380 458 tui.
429 423 493 459 Sic
521 424 592 460 lib.
618 426 687 460 IV.
715 437 773 473 ις).
807 422 879 461 οὔτε
907 440 945 460 τι
973 426 1135 470 σπείρουσι
1163 420 1298 465 οὗδέν,
1331 421 1405 460 οὔτε
1433 422 1594 471 α’ροῧντες.

303 478 485 515 WESS.
515 499 564 505 —
612 481 833 522 Gronovius,
865 484 1095 526 postquam,
1120 478 1294 527 neglecta
1323 477 1467 514 codicis
1496 479 1594 516 Med.

302 533 501 580 scriptura
515 560 524 573 ,
545 547 634 569 cnm
655 535 750 570 Aldo
771 541 809 568 et
823 533 916 568 aliis
935 549 947 569 ο
961 532 1022 570 υ’τ’
1039 532 1266 575 ἐξεκομίσαντο
1284 529 1370 570 οὐδὲν
1391 532 1594 577 edidisset,

302 587 345 622 in
369 589 480 624 motis
498 588 590 623 dein
615 589 718 624 istud
740 587 812 625 οὔτε
829 604 867 624 τι
894 587 1173 623 commendans
1201 592 1436 631 monuerat,
1463 593 1510 623 ut
1528 586 1594 626 οἷόν

301 658 334 679 τι
356 650 394 678 et
421 641 546 680 πολλόν
575 660 628 683 τι,
659 643 715 679 sic
740 643 860 679 etiam
893 641 977 679 οὐδέν
1006 658 1036 678 τι
1057 643 1232 678 suaviter
1254 641 1350 678 dici.
1392 642 1595 690 Debuerat

301 697 435 744 potius
455 710 635 741 monere,
652 695 737 735 οὐδέν
754 714 786 735 τι
806 698 945 745 paullo
962 708 1040 733 esse
1057 696 1353 745 significantius
1372 709 1495 744 quam
1517 710 1594 734 nu-

299 751 395 787 dum
418 750 522 794 οὐδὲν,
546 752 859 800 respondereque
879 751 1113 788 Latinorum
1135 753 1227 788 nihil
1251 753 1452 801 quidquam.
1479 750 1524 790 S.

354 807 447 844 Ibid.
488 805 568 844 οὔτ’
601 807 828 851 ἐξεκομίσαντο
858 804 971 855 οῦδὲν)
1010 808 1118 844 Dum
1149 808 1257 844 Clar.
1283 808 1360 845 Iac.
1391 807 1592 844 Gronovius

300 863 424 909 paulo
446 862 646 898 considera
656 862 734 898 tius
749 863 928 898 Herodoti
954 863 1145 898 tractabat
1172 861 1364 898 Uraniam
1386 868 1425 898 et
1445 862 1595 899 Callio-

300 928 375 964 pen
395 943 404 957 ,
427 924 554 953 aestus
576 917 725 953 amoris
753 916 833 952 iam
855 916 1160 961 defervescebat,
1181 929 1262 965 quo
1279 923 1373 953 ante
1390 917 1595 954 ferebatur

301 971 344 1006 :in
368 972 614 1008 florentinus
640 985 729 1008 suas
752 973 1001 1008 membranas
1021 984 1143 1020 paene
1162 971 1352 1010 iuvenili.
1378 974 1504 1009 Nemo
1519 971 1596 1008 mi-

299 1026 461 1063 rabitur
475 1054 484 1069 ,
517 1027 631 1063 nobis
649 1039 762 1075 saepe
775 1027 1029 1075 displicuisse
1055 1027 1331 1064 vehementius
1359 1026 1465 1062 illud
1486 1039 1594 1063 ama-

300 1082 397 1117 toris
422 1082 601 1118 studium
617 1109 626 1125 ‚
643 1088 857 1118 nostratem
878 1084 922 1118 L.
942 1083 1013 1119 Bos
1027 1112 1035 1127 ,
1055 1083 1261 1130 exemplar
1279 1081 1514 1126 modestiae,
1534 1081 1595 1118 vi-

299 1149 363 1172 ros
393 1137 512 1172 etiam
545 1137 758 1184 primarios
785 1139 1023 1181 salmasium,
1054 1139 1103 1173 Is.
1134 1139 1318 1182 Vossium,
1345 1138 1407 1172 Ez.
1434 1137 1595 1186 Spanhe-

298 1193 426 1236 mium,
450 1192 652 1239 aliosque,
677 1192 748 1240 qui
770 1194 898 1229 Musas
924 1197 1288 1237 contrectaverant,
1314 1192 1429 1228 velut
1459 1191 1595 1240 α’ντεροι-

298 1244 382 1288 στοὲς
404 1247 636 1294 repellentis
653 1247 884 1295 asperrime.
900 1249 1100 1284 Neutrum
1118 1247 1226 1283 decet
1244 1249 1451 1284 Musarum
1470 1258 1595 1283 sacer-

297 1300 442 1337 dotem.
483 1302 552 1337 Sed
580 1302 748 1337 utillud
772 1313 1008 1350 persequar,
1027 1299 1143 1338 cuius
1164 1301 1365 1338 occasione
1385 1301 1478 1337 haec
1497 1300 1594 1338 scri-

299 1355 356 1403 psi
373 1382 382 1395 ,
400 1356 441 1391 in
462 1357 575 1393 Notis
594 1356 659 1392 vir
677 1357 786 1393 Clar.
804 1357 992 1404 proponit
1014 1357 1225 1392 lectionem
1246 1357 1483 1393 Mediceam:
1515 1353 1592 1393 οὔτ-ε’

296 1427 338 1447 τι
360 1410 587 1453 ἐξεκομίσαντο
616 1409 723 1456 οὐδὲν,
754 1417 792 1447 et
818 1411 957 1448 lectori
977 1412 1227 1448 commendat
1248 1417 1294 1448 ut
1315 1425 1488 1461 perquam
1507 1424 1592 1447 sua-

296 1479 392 1501 vem:
421 1465 492 1501 illa
515 1466 616 1501 mihi
640 1477 801 1515 quoque
826 1467 975 1514 placet,
998 1472 1059 1510 et,
1085 1466 1117 1503 si
1146 1467 1241 1503 licet
1258 1466 1307 1502 de
1330 1466 1477 1503 vicinis
1495 1465 1595 1502 duas

295 1520 455 1556 demere
482 1521 641 1565 literas,
666 1522 757 1558 haec
777 1521 964 1570 equidem
995 1533 1194 1557 censerem
1221 1533 1299 1557 esse
1324 1533 1346 1557 a
1370 1533 1494 1557 manu
1517 1522 1595 1557 He-

296 1577 439 1611 rodoti:
468 1574 543 1613 οὔτ-ε’
565 1593 597 1613 τι
625 1575 853 1618 ἐξεκομίσαντο
868 1602 878 1618 ,
901 1573 985 1615 οὐδέν
1004 1592 1038 1613 τε
1059 1575 1298 1624 προεσάξαντοε
1330 1582 1432 1613 recte
1457 1577 1592 1620 Valla,

296 1644 406 1679 neque
432 1638 711 1679 exportaverant
740 1633 927 1680 quicquam
961 1645 1069 1680 neque
1098 1633 1407 1680 importaverunt.-
1455 1630 1591 1675 illud,

295 1684 370 1722 οὔτε
389 1706 405 1712 -
427 1706 444 1712 -
464 1706 481 1713 -
507 1684 593 1723 οὐδέν
619 1702 674 1727 τε,
700 1686 864 1722 obvium
887 1686 993 1734 apud
1014 1686 1199 1734 quosvis,
1217 1685 1432 1722 simillima
1454 1686 1593 1722 firma-

294 1746 386 1776 rent
404 1742 581 1777 Herodoti
601 1741 642 1775 in
666 1742 732 1776 Ed.
755 1742 871 1777 Gron.
890 1755 927 1789 p.
945 1742 1016 1776 532
1032 1768 1041 1781 ,
1063 1742 1097 1777 5.
1121 1741 1216 1791 395,
1236 1742 1298 1785 34.
1321 1742 1419 1786 468,
1438 1753 1473 1776 2.
1497 1740 1590 1789 509,

302 1807 365 1830 10.
385 1792 679 1845 529‚10.[VH.
704 1797 738 1840 8,
757 1797 792 1832 6.
819 1797 881 1842 57,
900 1798 918 1831 8
938 1807 1016 1844 seq.
1036 1798 1138 1832 VIII.
1160 1796 1222 1840 26,
1240 1796 1298 1833 13.
1322 1798 1389 1832 IX.
1412 1809 1425 1831 1
1440 1822 1450 1840 ,
1470 1800 1488 1834 5
1508 1808 1588 1843 seq.

297 1850 346 1886 50
360 1877 369 1893 ,
390 1851 423 1885 6.
447 1862 511 1898 seq
537 1848 554 1901 ]
583 1850 740 1887 Minuta
771 1851 867 1887 talia
887 1853 1026 1887 Livium
1046 1856 1216 1887 tractans
1237 1856 1397 1887 enotare
1414 1863 1495 1886 non
1512 1849 1590 1886 .de-

293 1904 480 1954 dignatus
499 1913 554 1942 cst
571 1906 679 1942 Clar.
698 1906 818 1942 Iacobi
837 1908 960 1942 Pater.
980 1903 1058 1956 [Io.
1073 1907 1172 1943 Frid.
1190 1903 1416 1956 Gronovius]
1441 1907 1586 1942 Ponam

293 1959 360 1995 hic
392 1961 525 2009 magni
561 1960 639 1996 viri
670 1962 789 1997 verba
816 1961 1035 2009 quaedam,
1067 1973 1170 2009 quae
1199 1961 1393 2010 leguntur
1422 1960 1466 1996 in
1493 1961 1589 1997 Livii

292 2015 476 2051 Drakenb.
494 2018 536 2052 T.
556 2017 624 2053 IV.
647 2029 684 2064 p.
702 2024 748 2060 42
763 2029 793 2052 1.
813 2018 853 2052 h.
871 2013 944 2066 [ad
966 2016 1039 2052 lib.
1059 2018 1184 2052 XXX.
1203 2028 1234 2054 e.
1261 2011 1340 2066 10.]
1367 2016 1488 2052 Nimis
1511 2029 1588 2051 cre-

292 2069 395 2105 dulus
407 2068 489 2116 fuit
512 2068 781 2121 (Rhenanus)
814 2073 874 2107 uni
893 2071 1004 2116 libro,
1030 2077 1086 2114 et,
1107 2084 1331 2120 quaecunque
1352 2072 1461 2106 aliter
1478 2076 1587 2120 atque

292 2126 333 2160 in
359 2127 517 2174 vulgatis
547 2127 621 2161 illic
645 2132 782 2170 essent,
808 2128 900 2163 Livii
925 2141 1019 2170 esse,
1044 2126 1135 2162 nihil
1161 2125 1302 2161 librarii
1325 2127 1482 2173 putavit.
1521 2127 1586 2162 In-

292 2191 463 2228 genuam
501 2171 632 2215 tafflen
667 2180 786 2215 laudo
814 2181 1098 2217 consessionem
1130 2179 1303 2217 Editoris
1331 2181 1513 2223 Herodoti
1540 2179 1585 2215 in

294 2247 334 2282 p.
352 2247 441 2278 201,
462 2247 521 2280 17.
552 2237 637 2271 Fere
658 2237 764 2271 nimio
783 2237 900 2272 studio
920 2238 958 2271 in
975 2237 1152 2272 Mediceas
1171 2234 1392 2271 membranas
1413 2236 1586 2272 abductus

292 2291 364 2325 dici
392 2303 490 2338 queo.
534 2290 614 2337 Qui
643 2289 826 2327 Codicem
852 2291 1071 2338 antiquum
1101 2302 1220 2337 supra
1248 2290 1413 2326 modum
1433 2290 1587 2326 miran-

293 2350 381 2387 tur,
403 2345 629 2392 horumque
648 2358 849 2382 sacrorum
869 2344 1028 2387 οἷμυῆτοις
1051 2355 1090 2380 se
1110 2345 1200 2380 iure
1219 2345 1428 2393 praebent,
1446 2351 1485 2381 et
1502 2345 1584 2380 im-

292 2406 488 2435 merentes
520 2400 619 2435 alios
651 2400 855 2444 ridendos,
884 2400 956 2435 hoc
986 2400 1106 2435 semel
1132 2399 1209 2436 sibi
1239 2400 1393 2436 dictum
1426 2406 1584 2448 putent,

292 2456 506 2498 VALCK,
535 2474 586 2482 —
623 2457 697 2493 Ista
718 2455 762 2490 in
783 2456 1002 2492 Gronovium
1019 2455 1337 2500 animadversio,
1365 2467 1488 2504 quam
1510 2453 1586 2489 ille
