1718 2919
216 191 311 232 AD
353 191 751 232 HERODOT.
789 192 936 235 VIII.
970 193 1188 236 125-128.
1290 209 1367 247 ¹99

87 295 313 344 adplicans‚
335 297 438 345 quod
462 297 533 333 toti
554 296 803 335 Chalcidicae
819 296 926 346 genti
947 299 1185 333 concessum.
1220 297 1367 334 Confer

85 351 136 388 Is.
158 351 402 388 Casaubonum
429 351 471 387 in
499 351 667 388 strabon.
687 354 735 388 X.
756 364 796 400 p.
823 351 912 388 685.
939 347 1191 401 [Commeat.
1210 351 1258 388 ad
1282 365 1366 401 pag.

86 412 180 452 447.
199 405 259 443 ed.
280 402 392 456 Cas·]
421 406 598 444 WESS.

197 457 341 498 CAP.
360 457 644 500 CXXVIII.
667 460 686 496 3
711 473 806 509 seqq.
833 459 1021 503 Τιμόξεινος
1050 459 1068 498 o‘
1090 461 1153 498 τῶν
1179 463 1364 499 Σκιωναίων

90 513 275 560 creat->5783
293 515 387 563 etc.)
416 516 519 552 Cum
548 515 739 551 Artabazo
762 513 915 550 dicitur
939 513 1057 563 egisse
1077 514 1124 550 de
1148 517 1245 551 urbe
1265 515 1369 551 Poti-

86 566 182 604 daea
203 569 422 616 prodenda,
451 567 558 607 ἵντινοε
574 572 632 611 μὲν
652 567 770 617 τρόπον
792 566 921 617 α’ρχῇν,
948 566 1054 611 ἔγωγε
1076 567 1136 606 οὔκ
1155 568 1228 614 ε”χω
1246 568 1336 607 εἶπαι
1351 595 1362 612 ,

84 643 104 653 ·
125 645 141 653 ·
158 645 172 653 ·
191 624 281 666 τέλος
311 624 416 664 μέντοι
443 620 550 661 τοιοίδε
572 624 700 666 ἐγίνετο.
742 625 813 659 Ista
845 622 989 670 opinor
1010 628 1112 659 recte
1135 624 1279 660 Vallum
1307 635 1366 659 ce-

89 675 212 724 pisse,
241 679 411 714 incertum
440 679 525 714 mihi
553 691 706 728 quonam
731 679 832 714 modo
858 677 904 713 ab
931 679 1060 723 initio3
1081 698 1097 705 -
1112 698 1129 706 -
1147 699 1164 705 -
1183 679 1231 714 ad
1253 685 1369 715 extre-

88 744 181 767 mum
196 734 249 768 ita
265 739 384 768 actum
409 739 475 770 est.
522 732 681 780 Opponi
712 732 820 768 enim
850 731 914 767 hic
949 730 1055 780 οἷρχῆν
1082 738 1121 768 et
1147 733 1237 776 τέλος
1265 738 1368 769 reete

85 788 248 823 Koenius
277 786 580 830 animadvertit3
610 787 816 836 mirorque
843 799 916 822 cur
943 799 1021 822 non
1055 786 1252 823 nominati
1279 789 1370 825 Bos·

84 842 132 876 sii
150 852 196 876 ex
217 841 308 877 Obs.
328 841 427 878 Crit.
458 854 539 891 pag.
563 842 625 891 59.
656 854 798 879 novam
825 841 1043 878 versionem
1073 842 1195 878 veteri
1224 843 1369 878 substi-

86 896 213 931 tuerit
241 896 347 933 Clar.
377 898 534 934 Gronov.
573 897 686 945 Quod
718 895 782 932 hic
806 902 944 932 narrat
968 899 1130 940 Noster,
1160 897 1273 933 velut
1293 900 1367 933 Ar-

83 949 204 985 tabazi
228 957 496 987 commentum
528 951 670 988 retulit
689 952 862 1002 Polyaen.
882 952 967 989 VII.
989 963 1020 986 c.
1044 951 1113 995 33,
1138 964 1170 987 1.
1201 951 1272 986 ubi
1305 953 1368 987 Ti-

86 1017 254 1041 moccenus
285 1005 436 1042 dicitur
463 1004 647 1048 Σικυώνιος.
686 1006 864 1042 Herodoti
890 1011 976 1042 tum
1000 1005 1101 1041 forte
1130 1004 1366 1051 immemor,

86 1061 263 1101 Σκιωναῖος
286 1065 415 1096 tamen
437 1059 526 1096 illic
542 1061 751 1109 legendum
767 1060 888 1096 sensit
907 1061 968 1096 Cl,
988 1061 1081 1096 Λᾶν.
1103 1061 1273 1109 Heringa
1289 1060 1367 1097 Ob-

83 1122 184 1148 serv.
207 1125 240 1149 c.
266 1115 324 1151 15.
345 1128 382 1163 p.
409 1115 496 1151 130.
524 1115 667 1152 Varios
691 1116 811 1151 modos
834 1126 1022 1150 enarrans
1046 1114 1215 1162 epistolas
1234 1118 1369 1151 occulte

84 1168 249 1205 mittendi
270 1172 443 1206 Aeneas
468 1168 512 1204 in
543 1169 746 1206 Poliorcet.
773 1182 804 1204 c.
827 1169 889 1205 31.
918 1169 1028 1205 velut
1058 1168 1222 1204 modum
1246 1169 1370 1218 quin·

87 1225 174 1256 tum
203 1222 403 1259 decimum
431 1223 524 1259 haec
555 1224 672 1260 habet
693 1224 740 1260 de
771 1225 963 1259 Timoxeno
986 1229 1021 1259 et
1045 1223 1229 1259 Artabazo
1249 1226 1367 1260 Hero-

85 1275 181 1320 doti,
202 1288 321 1325 quem
351 1289 473 1326 paene
490 1276 537 1313 ad
560 1279 728 1316 verbum
756 1278 1002 1325 descripsisse
1023 1281 1183 1314 Aeneam
1207 1278 1368 1314 monuit

87 1330 289 1369 casaubon.
308 1333 459 1371 VALC
471 1334 520 1368 K.

144 1386 181 1420 8·
209 1385 320 1435 παροὶ
348 1385 411 1430 τοὶς
437 1384 602 1430 γλυφίδας
623 1384 636 1435 )
662 1387 727 1424 Ab
752 1391 877 1425 Aenea
904 1386 1107 1423 Poliorcet.
1133 1398 1219 1434 cap.
1242 1387 1306 1422 51.
1328 1400 1366 1434 p.

90 1448 207 1484 1704.
227 1437 296 1491 [p.
317 1442 408 1485 466.
429 1441 488 1477 ed.
509 1439 726 1490 Lipsiens.]
754 1443 851 1478 bene
870 1441 964 1477 hinc
982 1440 1157 1478 derivata
1182 1453 1368 1490 corrupe-

86 1499 179 1530 rant
196 1495 381 1540 librarii,
408 1502 593 1542 corrupta
611 1496 761 1543 optime
780 1495 994 1545 integravit
1014 1496 1259 1532 Casaubonus.
1297 1498 1368 1533 Po·

85 1550 234 1598 ζγαεηο,
254 1549 394 1586 iisdem
415 1549 516 1599 (lib.
533 1552 618 1586 VII.
639 1551 683 1586 53
700 1578 710 1596 ,
736 1549 793 1598 1.)
815 1563 903 1596 uso,
933 1550 1112 1598 proditor
1127 1550 1367 1587 Timoxenus

87 1601 281 1646 Σικυώνιος,
303 1605 346 1640 in
366 1604 459 1641 Cod.
477 1606 685 1641 Florentino
706 1609 906 1648 Σκιωναῖος,
935 1604 1001 1641 cui
1031 1605 1180 1652 primas
1209 1607 1368 1642 Maasvi-

83 1659 158 1694 cius
176 1670 250 1694 cur
270 1658 455 1708 negavit?
475 1659 578 1694 idem
597 1661 786 1709 Berglerus
806 1659 991 1696 miratur.
1014 1661 1212 1696 Praeterea
1232 1656 1323 1709 [lin.
1342 1667 1365 1704 4

85 1708 187 1762 seq.]
207 1711 315 1750 ἵντινκ
329 1716 386 1756 μὲν
405 1711 521 1761 τρόπον
538 1712 644 1760 οἷρχῆν
664 1713 769 1757 ἔγωγε
790 1721 859 1751 etc.
879 1713 1076 1762 explicuit
1096 1715 1157 1751 Cl.
1174 1715 1245 1752 Bos
1272 1715 1364 1751 Obs.

87 1767 189 1803 Crit.
210 1779 294 1815 cap.
319 1780 330 1802 1
346 1780 378 1804 1.
395 1767 515 1804 aliter
530 1774 649 1816 atque
669 1770 885 1816 oportebat.
902 1771 999 1806 WE
1011 1769 1034 1805 S
1046 1769 1082 1805 S.

139 1822 231 1858 [bid.
261 1820 456 1866 τοξεύματος
473 1838 529 1859 πα
540 1839 553 1868 ρ
566 1822 588 1859 οὶ
608 1821 670 1865 τοὶς
686 1820 872 1870 γλυφίδας)
888 1825 988 1859 Haec
1006 1824 1142 1859 minus
1158 1829 1259 1860 recte
1276 1836 1366 1860 con-

85 1888 194 1913 versa
223 1883 335 1925 egent
367 1876 445 1913 levi
472 1878 736 1922 correctione,
767 1876 966 1921 τοξεύματος
993 1880 1085 1926 περὶ
1111 1877 1175 1920 τοὶς
1201 1877 1366 1921 γλυφίδας

85 1930 329 1979 περιειλίξαντες
345 1946 352 1964 :
382 1931 512 1967 verbis
530 1931 697 1968 adiectas
715 1932 769 1968 sic
784 1932 882 1968 solet
904 1934 1043 1969 Noster
1062 1938 1235 1980 repetere
1255 1945 1364 1980 prae-

83 1986 317 2033 positiones:
350 1985 398 2021 ad
430 1998 516 2022 eam
546 1986 738 2022 rationem
771 1990 912 2022 Aeneae
943 1999 1013 2022 suo
1047 1987 1276 2024 Casaubonus
1307 2000 1365 2024 re-

85 2040 244 2077 stituit:
276 2040 302 2078 οἷ
322 2037 352 2078 ἓέ
380 2041 442 2078 τοῦ
469 2039 665 2084 τοξεύματος
694 2043 763 2090 περὶ
786 2039 847 2084 τοὶς
871 2038 1034 2084 γλυφίδας
1063 2041 1222 2085 ἕλίξοιντες
1249 2041 1289 2080 ro*
1314 2045 1364 2082 Βι-

84 2096 176 2134 ento»
189 2120 200 2139 ‚
220 2097 318 2131 circa
335 2097 493 2144 sagittae
511 2109 636 2132 crenas
657 2098 843 2145 epistolam
864 2099 1055 2134 volventes.
1084 2095 1179 2146 [ubi
1199 2096 1362 2145 quidem

81 2149 165 2185 alia
182 2155 292 2196 parte
309 2156 485 2187 errantes
500 2149 660 2186 librarii
677 2155 745 2199 περὶ
767 2156 869 2187 recte
887 2148 1124 2202 dederunt.]
1150 2152 1363 2200 Sequentia

85 2203 210 2240 ferme
221 2203 442 2242 describens
453 2206 631 2242 Herodoti
643 2202 726 2256 [lin.
742 2202 872 2255 10.]το’
886 2204 1040 2248 ἐποίϊο-τος
1052 2233 1061 2251 ,
1075 2206 1366 2254 interpretatur

87 2258 297 2302 καταφανής.
316 2259 390 2296 Ubi
404 2262 544 2297 Nostro
563 2261 672 2296 Persa
682 2260 875 2297 duntaxat
889 2260 1041 2296 dicitur
1052 2260 1209 2308 ἁμαρτών
1224 2261 1285 2298 τοῦ
1296 2276 1366 2305 χω-

84 2314 172 2361 ρίου,
200 2314 247 2350 ad
275 2314 349 2351 ista
376 2315 469 2350 haec
496 2314 701 2351 adduntur
729 2315 836 2363 apud
863 2318 1043 2360 Aeneam,
1073 2313 1126 2352 διοέ
1150 2316 1283 2358 πνεῦμα
1307 2317 1365 2351 καὶ

87 2367 219 2410 Φαύλκν
243 2370 415 2416 πτέρωσιν,
437 2381 538 2417 quae
565 2370 793 2408 casaubonus
816 2369 952 2406 omisit
976 2369 1020 2404 in
1048 2369 1246 2406 versione:
1273 2368 1365 2405 isto-

86 2434 180 2460 rum
203 2423 359 2461 tandem
378 2424 462 2460 loco
475 2450 485 2467 ,
516 2422 572 2462 τᾶν
591 2422 622 2461 δὲ
646 2426 804 2465 βληθέντα
822 2421 1006 2472 περιέδραμε
1026 2422 1161 2469 ὅμιλος,
1175 2421 1263 2474 [tin.
1288 2419 1372 2473 15.]-
