1718 2919
381 280 473 318 AD
517 278 1104 320 HERODOT.VL52.
1313 280 1388 330 175

99 385 262 422 cienario
286 383 418 420 visum
442 388 544 428 erat,
574 383 646 420 hac
672 383 716 419 in
747 384 834 420 sede
860 384 1008 420 locatae
1032 382 1130 420 istae
1157 394 1265 419 voces
1286 382 1392 419 mihi

100 440 302 478 videntur.
332 438 605 475 Praecedentia
628 439 746 475 verba
766 439 858 475 satis
878 439 1081 484 indicant,
1111 438 1246 474 missos
1272 438 1393 474 fuisse

100 496 283 543 probatos
312 495 531 530 nonnullos
554 493 682 539 viros⁷
716 494 788 542 qui
821 494 1065 542 inspicerent
1092 505 1255 541 pueros,
1284 494 1392 530 vide-

101 555 271 597 rentque
293 554 382 584 uter
400 548 571 585 illorum
593 554 691 584 natu
718 554 816 584 esset
842 549 982 586 maior.
1026 548 1076 585 Hi
1109 548 1258 597 igitur,
1287 554 1393 596 post-

101 616 224 653 quam
249 603 341 639 illos
360 603 642 651 inspexerunt,
667 614 737 639 nec
756 616 825 651 per
843 616 881 640 se
903 603 1129 653 dignoscere
1150 609 1247 639 natu
1270 602 1397 638 maio-

103 670 186 696 rem
214 664 457 707 potuerunt,
484 670 613 707 quum
635 659 753 694 ambo
779 658 887 695 inter
910 669 949 694 se
972 657 1123 694 similes
1147 663 1185 693 et
1209 659 1394 705 aequales

103 712 262 763 (eadem
294 713 470 761 corporis
505 713 656 761 specie,
690 714 830 749 robore
863 719 901 749 et
928 710 1103 761 statura)
1138 712 1392 761 reperissent3

105 775 193 805 tum
230 780 344 813 vero,
377 776 440 805 aut
475 770 547 804 iam
577 774 688 804 antea
717 770 839 812 etiam,
876 774 1043 804 matrem
1077 768 1394 817 interrogarunt.

103 826 184 861 Nec
203 835 295 859 vero
315 823 435 860 etiam
450 850 459 866 ‚
481 836 555 859 cur
579 823 783 871 sequentia
805 822 1124 859 sollicitarentur
1138 824 1278 867 verba,
1301 822 1395 858 satis

103 890 260 914 caussae
285 884 381 916 erat.
416 881 512 923 Ista,
542 875 659 915 εἰδυῖαν
686 880 744 920 μέν
771 879 829 915 καὶ
857 876 899 915 To*
926 877 1038 925 κοέρτοι
1060 878 1163 919 λέγειν
1180 878 1314 919 ταῦτα,
1347 877 1392 912 in

104 932 232 969 latina
261 933 426 980 quidem
455 932 634 971 versione
662 932 839 968 eamdem
872 932 915 968 in
946 932 1182 969 sententiam
1216 932 1394 978 reddidi,

105 1000 228 1036 quam
258 989 458 1026 Gronovius
493 988 554 1023 his
581 987 712 1025 verbis
737 994 1001 1035 expresserat,
1027 987 1095 1024 etsi
1117 989 1248 1035 optime
1276 994 1396 1024 nosset

105 1045 172 1079 illa
191 1044 348 1092 aperire,
369 1042 483 1092 quasi
505 1042 737 1079 infinitivus
759 1044 862 1084 λέγειν
880 1044 930 1078 ab
951 1039 1071 1080 εἰδυῖαν
1092 1042 1291 1090 penderet.
1321 1044 1396 1078 Re-

105 1097 210 1133 ctius
229 1109 321 1133 vero
339 1099 441 1140 λέγειν
457 1099 572 1135 ταῦτα
590 1097 637 1133 ad
659 1096 862 1144 superiora
877 1123 887 1142 ‚
908 1094 979 1134 οὐδὲ
999 1096 1103 1137 mirrha
1123 1096 1227 1139 φοίνοιι
1247 1094 1398 1139 διαγινώ-

107 1167 215 1194 σκειν,
246 1153 461 1189 referetur:
484 1152 552 1189 hoc
570 1154 669 1188 illam
692 1149 885 1201 (nempe,
905 1166 968 1188 nec
987 1166 1023 1189 se
1042 1154 1282 1188 internoscere
1308 1159 1398 1188 natu

107 1205 297 1256 maiorem)
322 1208 471 1252 dixisse,
491 1221 593 1256 quum
613 1208 749 1256 quidem
771 1210 825 1243 vel
844 1209 994 1243 maxime
1014 1213 1154 1251 nosset,
1177 1209 1238 1244 sed
1257 1213 1399 1256 cuperet

104 1267 179 1297 etc.
215 1260 253 1299 τό
282 1260 412 1311 κοίρτοι,
447 1262 677 1298 abundante
705 1261 745 1300 τδ
775 1262 976 1305 articulo,
1001 1265 1055 1298 vel
1087 1263 1262 1307 maxime,
1291 1276 1399 1312 quam

107 1318 277 1362 maxime,
302 1324 348 1354 ut
367 1320 396 1354 Ι.
416 1330 458 1365 71
477 1344 486 1362 ⁷
509 1318 741 1362 6.111.10s⁴7
769 1318 829 1354 15.
850 1317 1025 1362 V11.16‚
1047 1318 1109 1354 26.
1141 1314 1211 1368 S.]

164 1384 182 1406 2
196 1384 226 1408 1.
255 1369 313 1409 τδν
331 1370 593 1421 γεραίτερον)
624 1372 863 1409 Praestantia
884 1373 982 1409 Med.
999 1371 1095 1410 Cod.
1113 1378 1152 1408 et
1168 1371 1399 1420 conspiran-

109 1426 211 1462 tium
233 1427 387 1463 meritis
411 1423 776 1471 sertur'laudibus3
808 1439 909 1476 quae
938 1433 1069 1463 tamen
1090 1439 1203 1476 saepe
1232 1428 1398 1464 modum

106 1481 316 1520 excedunt.
347 1480 563 1531 Πρεσβύτερον
591 1494 730 1519 eorum
760 1483 938 1519 scholion
967 1487 1045 1528 est,
1073 1482 1302 1520 defensione
1336 1483 1400 1518 in-

107 1535 292 1585 dignum.
338 1538 430 1582 An,
467 1549 630 1586 quaeso,
665 1539 842 1585 γεραίτερος
876 1537 1118 1585 postulabit,
1146 1541 1207 1574 uni
1240 1535 1402 1585 adfitisse

104 1605 194 1640 prae
217 1594 332 1628 altero
352 1593 473 1640 ys‘fag?
508 1592 615 1639 Quid
643 1593 712 1628 fiet
730 1604 819 1641 ergo
846 1600 901 1629 tot
915 1593 1170 1641 Xenophontis
1203 1593 1402 1629 aliorum-

109 1658 187 1694 que
205 1645 343 1693 dictis‚
363 1647 407 1682 in
429 1652 519 1696 quis
538 1648 715 1696 γεραίτερος
737 1655 856 1684 aetate
875 1650 994 1684 senior
1013 1654 1051 1684 et
1068 1648 1247 1696 amplius
1265 1648 1400 1684 nihil?

108 1701 240 1741 WES
252 1702 291 1740 S.

167 1764 233 1800 41.
260 1754 317 1794 τδν
336 1754 451 1793 πάντα
470 1754 583 1806 χρᾶνον
608 1757 667 1800 τῆς
688 1755 761 1802 {Aug
780 1756 958 1798 εἶλλνῖλοισι
974 1755 987 1806 )
1007 1756 1138 1795 Αὖτέων
1153 1785 1163 1801 ,
1191 1758 1235 1794 in
1252 1753 1403 1796 schedis

110 1816 314 1858 repertum
337 1811 487 1857 nullis,
517 1824 590 1847 cur
611 1812 823 1847 retinerem
838 1820 854 1848 P
883 1812 1079 1849 Rixarum
1108 1820 1147 1850 et
1164 1813 1405 1860 discordiae,

109 1865 264 1902 animos
288 1866 461 1902 fratrum
488 1866 778 1916 disiungentis⁷
806 1868 1008 1904 Pausanias
1031 1869 1139 1905 testis
1159 1868 1328 1914 accedit,
1360 1866 1405 1906 δ’ί-

110 1916 204 1962 ἓυμοι
224 1918 254 1958 δὲ
279 1920 391 1966 ὄντες,
414 1918 558 1969 διάφοροι
578 1921 624 1959 τοὶ
655 1920 811 1962 μάλιστα
837 1917 940 1964 ἦσαν,
964 1925 1104 1959 Lacon.
1131 1936 1164 1960 c.
1192 1937 1223 1959 1.
1250 1937 1289 1972 p.
1310 1924 1402 1960 205.

111 1975 215 2011 Sunt
244 1987 405 2024 quoque
435 1977 783 2027 Eurysthenidarum
807 1983 845 2013 et
871 1979 1120 2014 Proclidarum
1149 1978 1403 2015 dissensionis

111 2029 156 2064 in
181 2031 304 2066 Musis
328 2037 367 2066 et
384 2031 561 2067 aliorum
590 2032 876 2068 conmentariis
901 2033 1141 2081 sempiterna
1168 2045 1407 2070 monumen-

112 2089 166 2120 ta.
191 2087 248 2124 W
263 2086 378 2122 ESS.

170 2146 236 2184 42.
273 2139 349 2183 τούς
381 2138 455 2177 dm*
491 2138 613 2178 τούτων
645 2142 830 2185 γενομένους
866 2140 1046 2191 ‹55⁶4er)
1085 2145 1172 2180 Non
1209 2149 1407 2193 repugnat

116 2193 220 2241 quod
241 2194 380 2231 scribit
398 2197 518 2232 Liuius
537 2197 616 2232 XL.
637 2198 673 2233 8.
692 2197 893 2234 sociabilem
908 2200 1172 2234 consortionem
1191 2201 1285 2235 inter
1305 2199 1406 2235 Linos

116 2249 474 2286 Lacedaemoniorum
493 2252 607 2299 Reges
623 2254 817 2288 salutarem
826 2266 892 2301 per
913 2256 1025 2289 multa
1044 2256 1162 2289 secula
1177 2255 1264 2302 ipsis
1286 2254 1405 2290 fuisse

110 2305 332 2352 patriaeque.
370 2307 492 2350 Nam,
526 2305 716 2353 privatim
742 2307 898 2354 saepius
930 2307 1145 2344 adversarii
1178 2310 1259 2344 duo
1286 2310 1404 2358 Reges

116 2358 533 2403 Lacedaemoniorum,
556 2361 766 2398 unanimes
787 2361 1068 2409 conspirabant
1084 2363 1124 2397 in
1145 2363 1330 2411 publicae
1348 2364 1405 2399 rei

113 2413 331 2449 commodis
353 2414 554 2458 iuvandis;
585 2421 656 2452 aut
675 2417 793 2452 etiam
816 2417 926 2452 inter
948 2428 987 2452 se
1002 2417 1265 2454 laudabiliter
1284 2424 1406 2454 certa-

117 2467 215 2503 bant
244 2470 313 2515 περὶ
339 2469 400 2505 roff
429 2467 575 2518 ὁκότερος
602 2472 693 2507 πλέω
721 2470 837 2514 elya-502
864 2470 920 2511 τῆν
953 2469 1096 2519 πατρίδα
1121 2471 1319 2520 ἐργάσεται,
1359 2478 1404 2508 ut

114 2521 310 2559 Aristides
329 2523 514 2571 loquitur
532 2526 712 2562 Herodoti
731 2528 835 2565 VllI.
857 2539 920 2575 79.
948 2528 1086 2575 Neque
1106 2527 1242 2563 noluit
1262 2530 1407 2574 Lycur-
