1718 2919
302 217 396 257 AD
443 217 1222 258 HERODOT.V111.20.21.
1357 221 1410 270 93

123 318 291 369 quidem
312 320 427 369 longe
450 319 570 356 etiam
597 320 830 356 severiorem
851 321 993 357 multis
1011 321 1136 357 modis
1157 321 1413 358 commeritus

129 380 211 420 est,
232 387 309 410 non
331 374 453 410 huius
474 380 602 410 tamen
625 375 798 410 maxime
816 382 899 411 erat
918 375 1009 411 loci.
1052 379 1189 425 Neque
1215 389 1305 412 vcro
1329 389 1412 412 cor-

125 428 301 465 rectione
319 441 341 464 a
359 429 513 466 doctiss.
535 430 660 466 Valek.
679 429 878 477 proposita
898 429 1101 479 indigebat
1118 431 1314 478 scriptura
1336 431 1411 467 illa.

125 495 149 520 a
171 484 286 520 Gron.
304 484 573 519 commendata
588 510 597 528 ,
625 484 848 532 meritoque
866 497 887 520 a
907 485 1153 534 Wesselingio
1174 492 1339 533 recepta.
1364 484 1410 523 S.

180 538 272 575 Ibid.
291 536 363 576 οὔτε
379 536 695 586 προεσάξαντο)
715 540 766 574 Ut
784 538 973 574 sibilante
991 539 1125 575 littera
1142 540 1300 576 auctius
1321 553 1411 588 pro-

127 592 282 629 cederet
319 592 390 628 hoc
426 593 592 629 verbum
607 618 617 637 ‚
654 593 772 629 nulla
802 599 886 629 erat
918 594 1135 631 necessitas.
1185 595 1330 642 Repete
1362 594 1412 630 ad

126 646 202 683 lib.
221 651 272 686 V.
292 648 357 691 ‘54-
388 646 578 696 adposita.
612 648 743 685 W'ES
755 648 790 685 S.
822 668 872 674 —
913 650 1064 696 Nempe
1094 647 1335 696 προσεσάξαντο
1364 661 1412 684 ex

125 701 261 738 eodem
283 701 364 737 cod.
378 702 473 738 Med.
493 700 680 749 imperite
699 701 1041 739 commendaverat
1058 705 1170 740 Gron.
1200 703 1413 739 Commode

124 756 173 792 ad
193 757 232 792 h.
249 757 277 792 l.
298 757 507 792 Reiskius
526 756 748 792 adnotavit:
785 755 1093 801 7,Ἐξεκομιό-οιν-ι-ο,
1115 759 1352 806 deportarunt
1373 760 1412 794 in

124 813 240 847 locum
261 817 375 847 tutum
403 818 508 847 extra
533 813 706 854 insulam3
736 807 870 861 [quod
903 811 1002 848 alias
1029 818 1085 847 est
1114 811 1332 854 ὑπεκθέσθαι,
1366 818 1412 848 ut

120 877 207 914 cap.
230 875 266 911 4,
288 862 350 915 9.]
381 864 620 913 προεσάξαντο,
650 880 730 902 rure
756 868 795 901 in
813 866 912 902 urbes
936 870 1192 915 compulerant.
1204 868 1225 886 ‘⁶
1254 865 1298 904 S.

184 933 221 967 7.
249 918 606 967 βαρβαρόφωνον)
639 923 695 956 Ex
718 922 847 956 Vullae
866 921 1018 957 Latinis
1038 920 1290 968 βαρβαρόφωνος
1310 921 1410 967 erit,

123 986 229 1022 quae
257 987 336 1010 non
370 974 520 1010 iniusta
551 975 652 1010 Pavii
680 976 891 1023 Reiskiique
916 975 1125 1011 divinatio.
1159 973 1286 1024 [Vide
1318 987 1410 1012 vero

127 1031 218 1066 Var.
237 1031 338 1065 Lect.
363 1034 402 1064 et
432 1029 662 1065 memineris
691 1030 867 1065 eamdem
889 1035 1131 1066 structuram
1160 1042 1250 1065 cum
1279 1031 1410 1066 verbis

120 1081 214 1125 οἶδα,
237 1083 345 1131 δροίω,
365 1088 404 1119 et
424 1081 650 1128 similibus,
672 1085 802 1120 locum
829 1081 1003 1134 habere]
1042 1086 1154 1120 Putes
1180 1097 1296 1131 porro
1315 1097 1409 1121 cum.

120 1140 302 1183 Stanteio,
326 1137 478 1174 Baeidis
507 1150 663 1174 versum
694 1138 737 1174 in
757 1140 856 1175 Pers.
881 1152 934 1176 vs.
956 1153 1018 1185 72.
1038 1139 1256 1188 Aeschylum
1274 1150 1410 1175 aemu-

119 1192 223 1237 lari,
249 1193 409 1241 quando
423 1190 640 1236 πολύγομφον
665 1190 788 1234 ἵδισμα
809 1192 935 1238 ξυγδν
962 1192 1170 1235 οἶμῶιβαλών
1195 1193 1307 1239 αὐχένι
1328 1192 1410 1232 πόν-

119 1262 177 1284 του
197 1248 343 1296 tragice
360 1247 408 1282 de
422 1254 534 1295 ponte
552 1247 594 1282 in
615 1247 860 1295 Hellesponti
879 1248 1073 1297 angustiis
1089 1274 1098 1293 ‚
1123 1248 1277 1283 intenso
1300 1248 1409 1283 suni-

118 1301 194 1337 bus
218 1313 264 1338 ex
292 1302 412 1350 byblo
444 1301 517 1338 lib.
533 1303 624 1339 VII.
648 1303 710 1338 36.
758 1304 896 1350 Itaque
925 1302 1060 1342 βύβλων
1091 1315 1164 1338 cur
1189 1302 1253 1338 vir
1273 1303 1406 1339 Celeb-

118 1356 292 1404 exprimi
312 1356 510 1401 voluerit,
531 1369 611 1392 non
626 1357 848 1405 'perspicia
883 1357 1007 1394 Credo
1033 1368 1079 1392 ex
1102 1359 1250 1401 Medic„
1269 1357 1339 1393 etsi
1360 1358 1409 1393 de

117 1422 162 1446 eo
179 1411 410 1456 silentium,
427 1412 505 1446 hue
524 1413 573 1447 ob
595 1414 684 1448 Ask.
703 1424 937 1448 consensum
958 1412 1158 1460 migrasse.
1186 1411 1407 1449 Pristinum.

115 1465 231 1514 longe
250 1465 529 1513 praestantius.
557 1469 615 1503 W
626 1467 736 1502 ESS.

171 1516 208 1570 [1
224 1533 256 1558 1.
274 1529 385 1563 cuneo
373 1537 421 1568 fn
411 1521 581 1565 χρκσθαι
605 1536 707 1566 προς
722 1519 774 1557 τοὶ
797 1518 1010 1567 μέγιστα)
1030 1519 1268 1557 Insolentior
1283 1521 1406 1557 dictio

119 1590 219 1623 προς
240 1573 286 1612 τοὶ
306 1576 474 1616 μέγισται
505 1585 607 1621 quae
627 1574 754 1619 idem,
778 1582 895 1623 puto,
918 1575 1022 1611 valet
1044 1587 1088 1611 ac
1114 1576 1152 1617 ἐς
1183 1573 1229 1612 τοὶ
1258 1578 1406 1618 μέγιστοι

116 1631 224 1667 VIII.
252 1637 344 1674 144,
369 1637 428 1672 14.
456 1625 526 1678 S]

221 1681 367 1723 CAP.
387 1681 519 1721 ΧΧῙ.
543 1682 578 1720 5.
599 1684 624 1721 εἴ
643 1681 888 1731 wando-5156
906 1700 1060 1727 γαυτικος
1075 1681 1231 1731 στρατος)
1255 1684 1405 1733 Scripti

113 1737 292 1787 editique
314 1738 413 1774 libri
433 1738 540 1773 nihil
570 1745 736 1780 novant3
767 1750 859 1773 nam
885 1738 1057 1774 Editoris
1091 1740 1219 1774 Genev.
1250 1739 1276 1776 εἰ
1302 1742 1407 1777 παλί-

119 1799 188 1831 σειε“
201 1793 449 1830 coniecturae
468 1794 571 1829 Porti
592 1793 781 1838 debetur,
802 1793 906 1828 male
927 1799 1056 1829 tamen
1078 1800 1405 1840 repraesentatae:

115 1848 335 1884 coniecerat
352 1848 447 1893 ille,
471 1860 716 1896 quamquam
745 1847 939 1883 haesitans
956 1875 965 1892 ⁷
991 1849 1015 1885 εἰ
1037 1847 1220 1891 'oruata-ste,
1253 1861 1322 1896 pro
1343 1849 1404 1884 in-

118 1908 225 1952 tegro
242 1905 428 1944 ἐπαλίο-ειε,
459 1914 506 1938 ex
529 1903 694 1948 ἐφκλίξω,
726 1910 856 1938 contra
881 1905 1033 1951 aliquem
1051 1905 1172 1951 copias
1202 1916 1404 1952 congrego.-

116 1957 278 1994 0htrudi
312 1956 468 2001 noluit,
496 1957 618 2005 idque
648 1957 883 2005 prudentem
918 1969 1048 2005 neque
1076 1957 1185 1992 enim
1214 1958 1335 1993 moris
1362 1958 1404 1993 id

118 2012 339 2049 Herodotei.
383 2011 649 2048 Tolerabilius
668 2012 716 2047 de
737 2012 927 2060 opinione
953 2014 999 2048 D
1006 2014 1149 2048 Orvillii
1166 2018 1202 2047 et
1225 2014 1355 2049 Reiskii
1378 2013 1404 2050 εἰ

117 2065 291 2110 πελάσειε,
322 2069 354 2103 si
372 2068 697 2116 adpropinquaret,
726 2066 948 2109 videretur;
979 2066 1095 2103 cuius
1117 2066 1223 2102 modi
1245 2067 1317 2104 lib.
1336 2069 1404 2104 IX.

124 2121 187 2167 73.
216 2137 298 2164 οκως
324 2120 477 2159 πελασειε
510 2121 742 2164 απικνεόμενος
765 2125 849 2158 τοῖο-ι
880 2124 1087 2162 “romulam-t:
1121 2133 1250 2182 neque
1274 2121 1403 2158 abiret

118 2175 278 2224 longius
295 2172 469 2214 πάλαίο-ειε
484 2177 606 2221 Ρανὶἱ,
622 2182 662 2212 et
680 2176 838 2212 fortasse
858 2177 1047 2220 Ονοηοιῃιί·
1068 2177 1116 2211 ob
1136 2176 1221 2211 eius
1240 2177 1401 2213 Latina
1392 2205 1401 2220 ,

118 2241 243 2278 eoque
262 2230 419 2275 minus,
450 2230 557 2279 quod
586 2230 856 2279 diphthongus
888 2247 921 2267 αι
945 2237 984 2267 et
1005 2248 1022 2270 r,
1043 2231 1085 2266 in
1110 2231 1268 2279 scriptis
1291 2243 1403 2280 saepe

118 2291 418 2322 conmutantur.
446 2282 668 2335 [Gronov.
686 2289 716 2322 si
733 2287 989 2333 conflixissent.
1027 2287 1182 2330 Valla,
1205 2300 1256 2322 an
1276 2289 1404 2323 classis

118 2341 352 2377 discessisset.
380 2342 588 2377 Caeterum
610 2357 644 2377 αι
665 2346 704 2376 et
721 2358 738 2381 n
758 2340 826 2377 vix
848 2352 1039 2387 uniquam
1057 2353 1078 2375 a
1097 2340 1276 2376 librariis
1296 2341 1404 2378 inter

115 2406 156 2432 se
175 2399 399 2442 permutata
414 2395 617 2432 observare
632 2393 833 2441 memini.]
863 2395 934 2432 Sed
953 2395 1139 2430 omnibus
1158 2395 1317 2431 schedae
1336 2399 1403 2431 ob-

116 2454 234 2492 stant.
248 2456 250 2458 ’
262 2449 391 2486 Aliud
409 2461 500 2500 ergo
519 2450 900 2499 circumspiciamus.
931 2448 1096 2490 Παλ-ιὲσειε
1113 2451 1316 2500 Hesychius
1338 2462 1401 2487 ex-
