1718 2919
295 226 390 267 ΑΙ)
428 225 959 266 HERODOT.V11.
1007 238 1223 277 ,ορ-ιιι.
1332 204 1464 282 359χ

126 332 238 368 tilem
257 331 464 367 delendam
484 343 631 367 censeo.
659 332 716 368 Ex
735 330 859 367 Satris
876 330 977 368 Bessi
999 331 1198 380 quomodo
1214 330 1412 369 dicuntur

126 387 154 423 οἱ
170 385 416 433 προφητεύοντες
433 386 493 423 τοῦ
514 386 602 431 ἱροῦ,
622 388 741 434 templi
754 386 953 434 prophetae
966 384 984 421 ?
1006 399 1056 421 an
1079 391 1125 423 ut
1147 388 1330 423 antistites
1350 401 1410 423 sa-

125 453 265 476 crorum
280 440 360 477 sive
372 439 521 489 templi?
551 440 652 477 Mihi
670 441 802 476 'tamen
816 467 825 485 ,
843 440 982 483 fateor,
1000 440 1107 476 illud
1122 441 1236 477 valde
1248 441 1410 478 videtur

123 495 320 538 insolens3
351 495 414 531 sed
443 495 604 531 insolita
635 501 808 531 sectatur
832 496 1062 537 Herodotus;
1091 501 1212 543 atque
1243 495 1286 530 in
1315 496 1410 532 illo-

123 561 218 586 rum
258 549 365 585 illud
404 549 504 585 forte
538 550 697 585 classem
730 550 876 589 referre
905 549 1129 585 maluerint
1160 550 1240 586 viri
1277 550 1407 596 docti,

124 617 245 652 quam
267 603 482 653 corrigere,
507 604 534 640 οἱ
559 602 807 652 προφητεύοντες
832 604 893 641 τοῦ
921 604 1022 647 θεοῦ,
1055 605 1146 648 Dei,
1172 605 1234 640 vel
1265 606 1406 642 divinae

124 661 248 696 mentis
265 661 488 707 interpretes.
516 661 723 706 Nusquam
743 657 910 694 memini
929 669 991 693 me
1006 658 1133 707 legere
1146 658 1407 706 προφητεύοντοις

121 713 225 760 ἱεροῦ,
256 713 318 750 vel
347 716 524 754 μαντείου,
555 714 617 749 vel
638 712 773 749 simile
793 712 912 761 quid3
943 724 1226 760 saepenumero
1258 725 1408 752 memo-

121 772 267 804 rantur
284 768 451 816 προφὶἶτκι
478 767 542 804 τῶν
561 768 659 805 θεῶν·
688 769 751 805 τῶν
770 768 925 805 Μουσῶν·
954 767 1013 810 τῆς
1036 767 1203 810 α’ληθείοις·
1222 773 1294 806 etc.
1338 771 1406 806 Pa-

123 827 257 858 ternae
288 822 434 857 mentis
463 822 678 870 interpres,
707 820 786 865 Διές
808 819 974 869 προφήτης
1006 821 1073 859 ἐστὶ
1106 821 1225 865 Λοξίας
1248 822 1401 872 mci-50⁸5,

121 876 337 914 secundum
368 877 541 928 Aeschyl.
569 879 736 913 Eumen.
769 889 825 913 vs.
856 889 915 926 ¹9·
944 889 1119 925 namque
1147 876 1228 920 Ζεύς
1263 877 1404 919 ἐγκαθίει

121 931 225 980 Λοξίᾳ
243 932 489 975 θεσπίσματα,
522 936 566 967 ut
595 931 699 967 idem
732 930 834 967 alibi
861 930 1032 978 scripsit.
1078 933 1199 979 Prope
1232 933 1404 969 Herodo-

122 990 231 1022 teum
255 985 452 1022 accederet
477 985 584 1021 illud
614 986 738 1033 thhi
770 985 814 1021 in
841 986 1021 1034 Euripidis
1041 987 1133 1022 Ione
1162 999 1217 1022 vs.
1239 988 1332 1031 413.
1353 990 1403 1032 τίς

119 1038 310 1089 προφητεύει
340 1040 441 1082 θεοῧς
470 1039 518 1075 acl
550 1040 666 1076 istam
686 1040 742 1076 sic
762 1041 968 1088 respondet
994 1040 1267 1089 quaestionem
1300 1055 1402 1090 puer

117 1095 323 1138 aedituus,
352 1100 398 1130 ut
433 1094 633 1143 Principes
667 1095 916 1142 Delphorum
936 1121 945 1139 ,
977 1102 1080 1131 sorte
1116 1096 1231 1140 lecti,
1261 1099 1400 1140 Δελφῶν

117 1149 278 1198 atym-uk,
300 1145 352 1191 03¹3·
372 1147 545 1197 ἐκλήρωσεν
563 1148 694 1192 ποίλος,
729 1150 849 1186 fuisse
871 1150 1086 1187 videantur
1106 1150 1133 1188 οἶ
1151 1149 1401 1198 προφητεύοντες

115 1205 177 1242 τοῦ
199 1204 299 1241 -9εοῢι
314 1208 377 1253 ὓιιι
398 1203 463 1240 hic
484 1203 591 1240 inter
608 1207 734 1240 Satras
754 1204 1081 1252 praestantissimi
1097 1206 1197 1241 Bessi
1221 1205 1400 1242 diceren-

117 1263 186 1295 tur
214 1259 242 1296 οἱ
269 1256 516 1305 προφητεύοντες
542 1260 604 1296 τοῦ
631 1259 732 1301 θεοῦ,
762 1262 820 1308 qui
848 1261 912 1296 Dei
943 1271 1085 1308 nempe
1111 1274 1304 1309 responsa,
1330 1276 1399 1310 per

114 1315 308 1356 mulierem,
343 1319 381 1347 ut
408 1314 579 1362 Delphis,
606 1315 703 1350 edita
721 1312 940 1360 fatidicam,
972 1316 1310 1363 interpretarentur.
1339 1315 1397 1366 [et

110 1371 245 1417 scripto
265 1369 484 1416 consignata
504 1369 687 1405 traderent
709 1367 1024 1418 consultantibus.]
1053 1370 1096 1407 Οἱ
1120 1386 1181 1407 των
1202 1369 1395 1411 ἸΑμμωνιων

112 1424 280 1470 προφητοιι
309 1422 380 1457 ubi
410 1422 609 1459 habentur
637 1424 743 1471 apud
774 1426 924 1460 Lucian.
956 1426 998 1459 Τ.
1025 1426 1053 1460 Ι.
1088 1437 1126 1471 p.
1150 1425 1237 1474 300.
1267 1423 1395 1474 [Dial.

111 1472 418 1527 Mort.-XIII.1.]
449 1478 581 1514 iudice
598 1479 892 1523 Hemsterhusio,
915 1485 1062 1527 poterat
1071 1476 1179 1525 forte
1202 1493 1287 1518 ηοη
1299 1481 1395 1517 dete·

112 1534 186 1568 rius
207 1534 390 1581 scripsisse
410 1548 423 1568 ο
446 1548 510 1569 των
527 1532 719 1574 Ἀμμωνίων
738 1532 915 1581 προφήτης.
932 1534 1035 1569 conf.
1056 1535 1119 1568 W
1117 1535 1324 1583 esselingius
1343 1534 1392 1571 ad

111 1587 220 1623 Diod.
245 1589 286 1623 T.
312 1588 359 1622 II.
383 1599 422 1634 p.
447 1599 533 1636 ¹99·
564 1587 635 1632 [ad
669 1587 742 1623 lib.
764 1589 888 1625 XVII.
906 1599 937 1624 c.
962 1585 1043 1638 51.]
1085 1588 1195 1635 Quin
1224 1590 1392 1637 Delphis

110 1641 231 1678 etiam
254 1644 373 1690 tempti
392 1640 472 1676 fuit
490 1643 659 1685 antistes,
680 1641 827 1678 eximie
845 1642 900 1678 sic
916 1642 1046 1678 dictus
1058 1644 1160 1679 Livio
1179 1645 1317 1680 XXIII.
1335 1658 1392 1682 xi.

112 1696 131 1734 ὅ
149 1695 316 1745 προφήτης
332 1697 519 1732 Herodoto
541 1698 644 1734 VIII.
669 1697 730 1732 3‘).
751 1696 872 1740 πάντες
892 1698 920 1734 οἱ
937 1699 1058 1739 Δελφοὶ
1077 1697 1221 1740 ἐξέλιπον
1243 1714 1301 1739 την
1326 1697 1392 1737 πύ-

109 1761 183 1793 λιν,
208 1751 294 1791 πλήν
320 1749 413 1794 ε”ξήκο
400 1767 476 1787 ντοι
497 1748 636 1798 dud-facin,
665 1753 724 1788 καὶ
745 1767 778 1788 τε
783 1768 800 1787 υ
826 1767 884 1799 προ
874 1749 970 1791 ῶήτε
961 1761 1010 1787 ω·
1039 1772 1056 1779 -
1074 1771 1092 1779 -
1110 1771 1129 1779 -
1162 1745 1188 1800 ᾠ
1210 1750 1334 1796 οὐνομοι
1353 1757 1389 1795 ἦν

107 1804 307 1855 Ἀκῃρατος,
322 1818 354 1842 c.
374 1806 437 1852 37.
464 1805 570 1841 Talis
587 1806 707 1841 etiam
732 1812 886 1853 praeter
905 1805 1081 1854 reliquos
1096 1806 1308 1851 χαμαιεύνας
1326 1808 1390 1844 in-

108 1861 230 1910 signis
257 1861 406 1897 honore
431 1859 512 1896 fuit
536 1860 579 1895 in
598 1859 808 1896 Dodonaeo
822 1860 993 1896 sacrario
1008 1887 1018 1906 ,
1046 1872 1166 1910 quem
1188 1861 1389 1910 Θεσπρωτέν

108 1913 207 1963 ἄνδρα
232 1916 260 1953 ἐν
277 1912 410 1962 Δωδώνη
436 1919 546 1951 vocat
562 1918 740 1952 Marimus
762 1917 853 1967 Tyr.
873 1917 980 1952 XIV.
1008 1929 1039 1951 1.
1077 1917 1193 1951 Hunc
1212 1915 1392 1966 designa-

109 1976 195 2006 tum
214 1970 393 2018 suspicor
417 1969 461 2004 in
485 1970 679 2014 oraculis,
708 1981 810 2018 quae
838 1971 1093 2007 Demosthenes
1122 1970 1236 2007 nobis
1261 1978 1389 2009 custo-

108 2024 210 2062 divit
238 2025 282 2060 in
310 2026 421 2061 Orat.
440 2036 472 2060 c.
490 2024 585 2061 Mid.
612 2037 649 2073 p.
664 2025 753 2061 332.
779 2020 844 2075 [p.
865 2025 955 2061 531.
973 2025 1032 2061 ed.
1048 2021 1185 2074 Reisk]
1214 2025 1287 2063 ista
1310 2028 1390 2065 for-

109 2080 222 2116 mula
247 2079 308 2115 bis
329 2079 420 2115 illic
441 2079 627 2127 repetita,
655 2079 751 2117 ὁτοῢ
768 2078 846 2122 Διὸς
874 2081 1035 2122 σημαίνει.
1075 2080 1189 2127 Quod
1219 2081 1250 2116 si
1283 2094 1389 2118 com-

107 2138 288 2170 mentum
313 2134 420 2170 illud
447 2146 526 2170 non
548 2135 697 2182 placet,
715 2133 838 2170 doctis
858 2135 988 2171 multo
1007 2133 1144 2170 minus
1171 2135 1301 2172 forsan
1321 2137 1389 2173 ad-

108 2189 340 2236 probarem,
370 2189 475 2237 quod
496 2188 599 2224 mihi
628 2189 739 2226 venit
759 2188 858 2224 olim
890 2188 934 2224 in
964 2194 1161 2233 mentem,
1190 2190 1387 2239 scriptum

108 2243 172 2279 hic
194 2243 401 2290 primitus,
421 2244 448 2281 οἱ
465 2243 734 2292 προστατεύοντες
755 2244 815 2281 τοῦ
837 2243 922 2291 ἱροῦε
954 2249 1000 2280 ut
1019 2244 1072 2280 Sa
1085 2248 1188 2280 trae
1204 2249 1388 2283 oraculum

107 2303 243 2343 tenere,
263 2298 324 2333 vel
340 2300 540 2346 possidere,
569 2299 699 2335 Bessi
729 2297 960 2334 dicerentur
978 2301 1144 2347 templum
1169 2303 1276 2345 tueri,
1306 2300 1388 2338 sive

108 2353 224 2389 rebus
251 2352 368 2388 sacris
396 2353 724 2390 administrandis
749 2364 828 2388 esse
859 2353 1060 2400 praefecti.
1106 2353 1192 2390 Elei
1227 2354 1389 2403 προεα-ι-οέ-

110 2423 159 2443 ναι
179 2408 239 2444 τοῦ
261 2405 338 2449 Διδς
356 2408 415 2444 τοῦ
430 2407 623 2450 Ὀλυμπίου
641 2409 722 2457 ἱεροῦ
740 2407 936 2443 dicuntur
953 2408 1189 2456 Xenophonti
1208 2408 1305 2447 Ἐλλ.
1324 2411 1386 2446 III.

108 2474 146 2508 p.
164 2462 261 2506 288,
281 2461 344 2499 32.
362 2460 428 2498 cui
455 2461 499 2498 in
524 2463 692 2499 eundem
717 2474 875 2499 sensum
905 2461 1130 2510 προστκτεύειν
1161 2462 1389 2512 frequenta-
