1718 2919
324 140 401 178 358
774 136 1188 179 GLOSSAE

322 245 587 281 Dictionarium
608 244 832 293 quarundam
854 245 1048 280 dictionum
1065 246 1312 294 Hippocratis.
1335 245 1469 295 Atque
1484 247 1526 284 in
1544 248 1616 287 hac

325 298 533 335 l'arisiensi
553 298 751 343 editione,
776 299 992 346 paululum
1019 300 1183 348 quidem
1204 307 1354 337 mutata
1374 307 1430 338 est
1446 305 1614 340 voeabu-

322 355 466 405 lorum,
489 353 629 399 series,
652 359 695 389 ut
723 366 801 389 non
830 353 944 390 modo
975 352 1334 402 (quemadmodum
1354 355 1398 392 in
1419 357 1608 406 Stephani

322 409 504 457 exemplo
519 407 531 456 )
547 409 689 446 secund
698 421 765 444 um
781 408 990 445 literarum
1007 409 1233 445 initialium
1251 410 1432 447 ordinem
1446 413 1612 450 colloca.

324 470 360 500 ta
381 464 485 507 sint,
507 463 569 501 sed
587 463 707 500 etiam
728 464 945 500 secundum
965 463 1184 513 legitimam
1206 464 1374 501 illarum
1396 465 1607 505 literarum

321 519 462 556 seriem
485 519 647 569 quaein
673 531 833 568 quoque
851 519 1043 555 vocabulo
1059 519 1230 566 primam
1251 519 1408 556 literam
1435 532 1610 570 sequun-

324 580 409 617 tur;
437 575 508 612 hoc
538 574 674 611 modo:
701 572 836 618 Ὄλβιος,
870 573 992 621 ἅβρας,
1026 572 1243 621 dynam-{eam
1273 575 1382 617 αἰγὶς,
1411 580 1483 612 etc.
1513 578 1608 614 Cae-

322 635 452 666 terum
472 636 511 666 et
531 630 572 665 in
594 630 665 666 hac
681 634 720 665 et
739 629 782 664 in
804 628 1017 667 Genevensi
1032 654 1042 673 ,
1062 641 1183 676 quam
1204 628 1312 672 dixi,
1334 629 1509 667 editione
1525 643 1608 668 eae-

319 684 407 721 dem
427 685 590 722 vitiosae
618 695 749 729 voces,
783 696 880 732 quas
900 683 1089 730 Stephani
1118 682 1328 719 exhibebat
1355 686 1609 734 exemplum,

321 738 478 783 α’φιὸἔας,
505 738 681 787 οέποῶρῆν,
701 737 876 787 οἷχοειρεσίκ
900 744 971 774 etc.
995 738 1168 774 fideliter
1197 744 1457 786 repetuntur,
1489 742 1606 778 nulla

320 795 522 831 mentione
542 794 642 831 facta
665 805 779 830 verae
806 793 1027 840 scripturae
1045 794 1094 828 ab
1120 795 1383 841 Iungermano
1409 806 1610 832 commen.

318 849 443 886 datae.
472 849 677 898 Denique,
707 847 917 885 recentiori
940 847 1058 884 etiam
1082 847 1294 892 memoria,
1326 848 1481 896 Lipsiae
1499 863 1607 888 anno

319 919 361 942 M.
381 918 458 942 nce.
482 917 589 941 LXXX.
613 905 787 941 franzius
806 902 985 941 Erotiani
1008 908 1047 939 et
1072 902 1213 939 Galeni
1243 903 1450 940 Glossariis
1469 917 1607 942 rursus

317 960 468 996 easdem
502 960 611 996 hasce
642 960 813 1002 mussas,
851 957 965 1006 quasi
998 959 1176 995 Herodoti
1207 959 1386 994 cuiusdam
1416 960 1608 997 Dictiona-

318 1017 407 1051 rium
430 1029 555 1051 vocum
584 1015 842 1064 Hippocratis,
874 1013 929 1048 ita
955 1012 1167 1057 adiunxit,
1195 1018 1239 1048 ut
1261 1025 1339 1048 non
1373 1013 1488 1050 modo
1508 1016 1605 1052 Iun-

316 1070 515 1118 germani,
544 1069 607 1106 sed
628 1076 666 1105 et
686 1067 945 1116 X'Vesselingii
967 1079 1125 1116 operam
1151 1067 1236 1103 illis
1262 1067 1490 1116 praestitam
1517 1081 1604 1117 per-

315 1124 411 1160 inde
439 1125 635 1174 ignorasse
660 1123 866 1161 videatur:
908 1135 1000 1158 nam
1027 1123 1082 1158 eis
1110 1122 1272 1171 quidem
1302 1122 1528 1169 vocabulis,
1556 1124 1605 1161 de

316 1179 466 1227 quibus
484 1179 546 1216 vel
573 1181 617 1216 H.
640 1179 862 1226 Stephanus
886 1178 947 1213 vel
976 1176 1228 1213 Camerarius
1249 1176 1291 1212 in
1315 1177 1606 1226 Prolegomenis

316 1233 367 1270 ad
387 1234 627 1270 Herodotum
644 1232 802 1281 aliquid
821 1232 1075 1268 commentati
1092 1238 1226 1274 erant,
1244 1232 1388 1268 horum
1406 1232 1603 1270 Virorum

315 1288 588 1324 adnotationes
608 1287 799 1330 subiecit3
829 1287 984 1335 reliqua
1012 1299 1124 1332 vero,
1155 1291 1193 1323 et
1213 1286 1254 1322 in
1285 1286 1346 1323 his
1365 1287 1530 1323 eadem
1519 1301 1604 1336 lpsa

317 1355 418 1390 quae
438 1343 549 1380 foede
567 1349 754 1391 corrupta
775 1342 1032 1392 legebantur,
1066 1354 1226 1390 prorsus
1248 1341 1395 1378 intacta
1414 1342 1603 1391 reliquit,

316 1410 366 1435 ne
390 1398 477 1435 ulla
499 1397 663 1447 quidem
686 1398 826 1434 notula
853 1396 1017 1433 adiecta.
1277 1411 1279 1413 ·

370 1456 425 1490 Ita
445 1467 574 1503 quum
595 1465 641 1489 ex
658 1466 737 1489 uno
757 1453 972 1500 eodemque
993 1451 1192 1499 exemplo,
1211 1463 1335 1500 eoque
1358 1451 1501 1500 passim
1521 1465 1607 1489 cor-

318 1515 438 1557 rupto
456 1509 671 1545 admodum
685 1535 695 1554 ,
721 1508 862 1544 ductae
883 1507 966 1543 sint
988 1518 1143 1551 omnes,
1172 1519 1268 1554 quas
1287 1506 1416 1543 adhuc
1435 1519 1609 1544 comme-

317 1564 492 1608 moravi,
521 1565 704 1600 Editiones
729 1564 873 1599 harum
906 1563 1114 1599 Glossarum
1133 1563 1321 1598 secundum
1347 1564 1532 1598 literarum
1551 1577 1606 1599 se-

317 1621 401 1654 riem
422 1620 662 1668 digestarum5
691 1630 831 1667 operae
862 1616 1037 1665 pretium
1067 1616 1245 1652 facturus
1274 1616 1434 1653 videtur
1457 1616 1489 1653 si
1512 1617 1604 1665 quis

317 1673 410 1709 illas
428 1686 520 1710 cum
542 1674 624 1711 alio
643 1680 772 1711 vetere
787 1673 990 1720 exemplo,
1018 1671 1123 1720 quod
1145 1671 1392 1707 emendatius
1405 1671 1600 1719 scriptum

317 1727 390 1772 sit,
424 1729 601 1765 voluerit
629 1729 820 1765 conferre.
878 1730 926 1764 Et
957 1726 1087 1763 fuerat
1119 1726 1218 1762 olim
1262 1727 1338 1762 talc
1371 1727 1603 1774 exemplum

317 1783 469 1830 optimo
492 1791 625 1820 nostro
651 1786 774 1822 Codici
799 1785 838 1820 F.
864 1782 1084 1826 adiectum,
1112 1780 1244 1816 eadem
1263 1780 1430 1829 antiqua
1457 1794 1604 1827 manu,

319 1851 398 1885 qua
429 1839 504 1886 ipsi
530 1851 667 1875 novem
694 1838 878 1875 Herodoti
906 1836 1029 1881 libri,
1057 1835 1322 1883 descriptum:
1352 1835 1414 1871 sed
1433 1835 1481 1871 de
1505 1836 1601 1881 illo,

318 1893 424 1939 quod
459 1894 711 1930 vehementer
738 1895 873 1937 doleo,
901 1891 1063 1928 nonnisi
1095 1891 1253 1926 minuta
1284 1903 1373 1938 pars
1401 1897 1602 1937 superest,

318 1947 417 1983 folio
434 1960 562 1994 verso,
591 1962 671 1998 quo
693 1949 784 1985 finis
810 1959 935 1984 nonae
954 1949 1086 1984 Musae
1113 1945 1366 1987 continetur,
1390 1943 1602 1993 inscripta;

317 2007 356 2037 ct
376 2003 468 2038 haec
494 2003 578 2052 ipsa
602 2017 690 2052 pars
712 2002 901 2040 nonnihil
924 2002 1044 2037 etiam
1072 2000 1239 2044 defecta,
1262 2012 1391 2047 quum
1422 1998 1599 2037 eiusdem

318 2056 408 2092 folii
431 2070 519 2105 pars
543 2060 605 2095 vel
627 2059 752 2095 lacera
780 2058 832 2094 sit
854 2057 915 2094 vel
942 2062 1132 2092 vetustate
1148 2055 1306 2091 detrita.
1335 2055 1445 2100 Quae
1464 2066 1602 2102 super-

317 2118 430 2157 sunt,
453 2113 544 2148 haec
568 2126 658 2149 cum
682 2115 733 2149 H.
752 2113 923 2161 Stephani
937 2111 1118 2158 exemplo
1137 2115 1281 2145 etcum
1304 2108 1446 2146 Glossis
1465 2120 1602 2145 secun·

316 2166 414 2203 dum
448 2168 655 2204 Musarum
687 2167 827 2204 seriem
856 2180 876 2202 a
908 2167 1156 2214 I‘Vesselingio
1185 2163 1301 2200 editis
1325 2163 1504 2200 contuli:
1537 2169 1602 2208 et,

316 2222 417 2269 quid
447 2221 630 2267 intersit,
660 2223 732 2258 hoc
761 2223 845 2258 loco
876 2219 1155 2268 adponendum
1185 2218 1297 2254 duxi.
1343 2218 1503 2254 Titulus
1532 2229 1602 2254 nec

315 2276 446 2322 adest,
467 2288 536 2313 nec
548 2277 730 2314 adfuerat
750 2277 849 2313 olim
872 2276 996 2313 ullus.
1023 2274 1153 2310 Prima
1166 2274 1287 2323 glossa
1303 2299 1312 2317 ,
1331 2271 1455 2320 Ἀνέλῃ·
1474 2270 1599 2320 χρήσῃς

315 2331 411 2378 quia
444 2331 502 2366 ibi
534 2333 710 2368 lacerum
743 2331 912 2374 solium,
953 2342 1031 2365 non
1070 2335 1282 2376 comparet.
1330 2327 1509 2363 Proxima
1543 2331 1600 2363 est

312 2383 474 2433 ,Ανὲἰρεῶν
501 2387 610 2430 μέγας
638 2385 720 2429 οἶκος
741 2384 881 2434 ἀνδρῶνι
911 2396 1013 2433 quae
1034 2385 1140 2419 abest
1172 2385 1225 2421 H.
1250 2383 1452 2432 Stephano,
1482 2382 1600 2418 habet
