1718 2919
308 212 388 251 242
578 196 1325 243 ADNOTATIONES

308 306 379 344 Sed
396 304 494 354 quid
517 303 574 339 ibi
598 302 691 339 fecit
707 302 801 338 adeo
819 314 912 351 prae
928 303 1067 341 ceteris
1087 303 1292 340 laudabile
1305 310 1320 340 Ρ
1347 316 1396 340 an
1420 303 1521 340 sorte
1538 302 1604 341 τοί-

306 363 434 399 πινίκιοι
456 358 567 401 θύσας
586 364 707 394 totam
738 359 954 407 panegyrin
971 359 1125 407 excepit
1151 359 1362 395 convivio?
1388 372 1479 395 nam
1508 358 1602 406 ἵππῳ

307 417 461 457 medo-ou,
483 420 521 450 et
540 414 702 461 τεθρίππῳ
720 410 856 460 δεύτερον
880 415 1049 456 γενέσθαι,
1072 414 1178 462 quod
1197 427 1289 450 cum
1306 414 1447 451 multis
1459 413 1604 449 habuit

307 480 520 507 commune
535 496 544 514 ,
564 468 670 504 nihil
691 468 787 504 adeo
807 474 893 504 erat
911 481 985 504 cur
1001 481 1093 516 prae
1105 468 1199 505 aliis
1213 472 1355 506 Nostro
1372 468 1602 520 memoratis

307 523 605 573 Olympionicis
635 529 881 571 posterorum
910 529 1007 560 esset
1039 524 1228 560 memoria
1258 524 1418 574 dignus.
1459 529 1603 572 Φανερω-

306 581 409 622 θῆναι
437 581 464 622 ἔς
490 578 563 622 τούς
578 577 747 620 ’Έλληνας
771 576 902 621 πάντας
925 581 1102 626 μεγίστῃσι
1128 576 1316 627 ὃκποένῃσιε
1345 591 1411 625 ea,
1434 579 1601 627 opinor,

307 636 395 672 laus
410 661 420 680 ⁷
437 634 468 670 si
490 633 588 682 quid
613 633 685 668 illa
703 639 780 676 cst,
809 633 952 669 Calliis
971 639 1010 669 et
1029 633 1266 682 Hipponicis
1283 635 1482 684 congruit.
1506 630 1602 684 [At-

306 690 378 740 qui
415 696 472 726 est
500 690 572 725 hoc
596 687 703 724 illud
737 688 869 735 ipsum
885 714 895 732 ‚
928 688 1033 736 quod
1071 690 1210 737 paullo
1244 695 1336 726 ante
1370 689 1601 738 requirebat

306 745 386 784 Vir
406 744 676 787 doctissimus,
704 755 919 791 quaerens:
949 747 1013 780 An
1030 741 1137 790 sorte
1155 742 1332 782 τοῖπινίκιαι
1358 743 1470 788 θύσας
1486 752 1602 781 totum

300 802 512 851 panegyr-in
534 801 670 848 excepit
687 800 845 834 convivio
862 797 882 834 Ρ
909 798 981 835 Sed
1005 805 1043 834 et
1062 799 1168 847 ipsae
1192 811 1261 846 per
1280 811 1319 835 se
1337 800 1528 836 victoriae
1555 799 1600 836 in

304 856 392 892 illis
426 855 693 891 certaminum
732 853 1041 890 solennitatibus
1075 859 1295 902 reportatae
1327 861 1478 903 quanta
1515 856 1604 892 sue-

305 911 391 948 rint
409 910 515 959 apud
539 912 701 946 Graecos
722 909 854 944 laudis
878 909 1043 945 materia
1064 909 1249 945 novimus
1268 922 1419 946 omnes:
1441 918 1602 947 earum-

305 978 384 1015 que
413 965 657 1001 mentionem
684 965 733 999 ab
759 964 892 1000 eodem
913 965 1101 1001 Herodoto
1126 963 1169 1000 in
1197 963 1378 1000 virorum
1405 978 1603 1014 quorum·

304 1033 384 1070 que
405 1020 568 1070 elogiis,
603 1031 702 1068 quos
733 1021 867 1056 Musae
893 1018 980 1054 eius
1015 1019 1249 1063 illustrant,
1279 1020 1602 1069 frequentissime

307 1077 449 1113 factam
472 1071 695 1125 videmus.]
724 1075 837 1122 Quod
862 1074 974 1110 addit
991 1074 1166 1123 denique
1189 1076 1407 1122 defiliabus‚
1426 1076 1470 1112 in
1492 1077 1600 1113 libro

305 1131 568 1168 Oeconomico
596 1130 778 1178 patribus
798 1130 929 1165 forsan
948 1129 990 1164 in
1014 1130 1245 1177 exemplum
1269 1131 1436 1178 proponi
1465 1138 1602 1179 potue-

304 1193 390 1230 rat3
420 1186 484 1223 sed
509 1191 713 1234 propterea
741 1197 953 1233 nunquam
974 1184 1017 1220 in
1046 1184 1211 1221 historia
1235 1187 1422 1222 Herodoto
1449 1187 1602 1224 Callias

305 1242 444 1278 fuisset
463 1241 610 1290 dignus
624 1240 732 1277 visus
750 1241 978 1276 seculorum
997 1240 1204 1277 memoria.
1233 1236 1388 1290 [Immo
1403 1253 1495 1278 vero
1515 1242 1601 1291 ipsa

303 1298 379 1333 illa
398 1295 652 1333 admirabilis
671 1294 940 1343 amabilisque
962 1295 1141 1343 aequitas
1160 1301 1198 1331 et
1218 1295 1491 1346 indulgentia,
1519 1311 1600 1346 qua

303 1353 487 1389 adversus
502 1351 606 1388 filias
620 1363 709 1386 suas
732 1363 825 1386 usus
843 1356 927 1386 erat
948 1351 1117 1395 Callias,
1135 1363 1216 1399 quo
1237 1351 1361 1400 magis
1375 1352 1508 1389 aliena
1524 1353 1601 1392 illa

304 1407 387 1445 suit
404 1420 425 1444 a
440 1406 637 1444 constanti
652 1408 891 1443 Graecorum
910 1417 1019 1441 more
1031 1432 1041 1449 ‚
1062 1411 1171 1441 tanto
1188 1406 1331 1442 maiori
1349 1407 1467 1443 laude
1480 1413 1518 1444 et
1535 1409 1602 1445 ho.

303 1463 470 1500 norifica
487 1462 533 1498 ad
553 1468 722 1510 posteros
735 1461 1114 1497 commemoratione
1129 1460 1249 1510 digna
1261 1461 1390 1498 videri
1402 1462 1598 1511 Scriptori

304 1525 456 1563 nostro,
485 1517 637 1565 optimo
666 1516 777 1560 viro,
806 1511 991 1567 debuit.]
1019 1515 1193 1552 Tandem
1224 1515 1474 1554 abiiciantur
1502 1517 1596 1562 ista3

303 1580 342 1612 et
361 1573 575 1610 Herodotea
597 1572 701 1608 male
722 1571 880 1608 divulsa
899 1570 1183 1609 cohaerebunt.
1202 1574 1356 1609 VALC
1369 1575 1418 1610 K.
1439 1593 1489 1599 —-
1519 1576 1599 1624 Ego

303 1641 395 1667 vero
415 1627 517 1664 mihi
537 1627 673 1664 videor
693 1627 900 1662 luculente
926 1626 1020 1662 satis
1047 1626 1280 1672 ostendisse,
1315 1626 1520 1664 immerito
1551 1646 1600 1668 νο.

303 1686 398 1727 θείοις
427 1683 523 1719 adeo
557 1688 778 1730 suspectam
811 1681 1087 1729 Herodotoque
1122 1681 1328 1731 indignam
1360 1683 1487 1719 visam
1520 1695 1598 1722 esse

308 1738 418 1777 Viris
438 1737 678 1774 doctissimis
702 1737 817 1773 istam
842 1737 891 1773 de
913 1738 1051 1774 Calliae
1075 1737 1236 1774 laudibus
1256 1736 1466 1785 παρενθήκην.
1493 1737 1539 1777 S.

411 1791 558 1833 CAP.
579 1789 812 1832 CXXIII.
840 1805 900 1828 ιο.
926 1789 1081 1830 ἔπαυσαν
1103 1791 1179 1835 τούς
1197 1791 1377 1834 λοιπούς
1397 1792 1597 1841 τυραννεύον-

303 1846 392 1896 τας)
424 1848 687 1885 Inculcarunt
714 1859 761 1883 ex
792 1846 1117 1896 praecedentibus
1148 1845 1301 1889 λοιπούς,
1339 1847 1404 1883 hic
1435 1861 1597 1896 prorsus

304 1903 469 1939 inutile.
497 1906 586 1940 Non
605 1902 792 1951 equidem
816 1902 946 1939 nescio
963 1901 1234 1938 defensionem
1258 1902 1452 1939 vocabulo
1478 1916 1599 1952 quae·

303 1958 421 1995 sitam
451 1970 497 1993 ex
515 1957 588 1994 lib.
610 1960 697 1995 VII.
718 1966 804 2003 [tl-a
825 1958 889 1994 sed
904 1956 1078 1993 debilem
1097 1956 1326 1993 admodum.
1355 1960 1488 1995 Reiskii
1507 1972 1598 1995 con-

304 2014 455 2049 iectura
484 2013 663 2061 postulat
687 2013 749 2050 τοῦ
779 2013 917 2055 λοιποῧ,
952 2014 1128 2061 deinceps.
1154 2012 1331 2050 WESS.
1359 2033 1409 2038 —
1455 2015 1596 2061 Quum

304 2069 444 2117 paullo
466 2068 674 2116 superius,
703 2080 773 2115 pro
795 2068 947 2111 λοιπούς,
978 2068 1082 2115 quod
1106 2068 1233 2104 VVess.
1253 2079 1343 2102 cum
1363 2069 1522 2106 Gronov.
1538 2082 1598 2105 re-

303 2128 471 2171 ceperat,
493 2122 760 2165 ύπολοίπους
783 2121 858 2158 alii
877 2121 1060 2158 dederint
1082 2122 1202 2166 libri,
1223 2122 1326 2157 haud
1345 2122 1595 2161 incommode

302 2176 479 2220 λοιπούς
508 2178 572 2213 hic
598 2177 703 2213 tueri
727 2190 847 2212 suum
874 2177 1006 2213 locum
1030 2189 1137 2225 posse
1158 2176 1331 2214 videtur.
1360 2176 1404 2215 S.

412 2230 558 2272 CAP.
587 2230 790 2271 CXXP⁷.
824 2244 863 2267 11
898 2246 994 2281 seqq.
1026 2234 1043 2270 ὁ
1070 2230 1100 2270 δὲ
1121 2231 1315 2274 Ἀλκμαίων
1343 2232 1424 2280 πρές
1446 2232 1505 2273 riv
1535 2229 1595 2270 δω-

301 2286 369 2337 ρεῆν
388 2307 403 2314 -
423 2309 439 2314 -
458 2284 565 2324 τοιοίδε
590 2284 800 2329 ἐπιτηδεύσας
825 2301 902 2334 προ
916 2288 1017 2329 σε’φε
1031 2302 1065 2334 ρε
1090 2293 1156 2323 etc.
1173 2283 1193 2336 )
1221 2287 1402 2323 Primum
1424 2289 1595 2336 προσέφερε

304 2342 427 2380 scribi
453 2342 594 2378 malim
619 2355 698 2378 una
726 2342 842 2378 litera
868 2341 1027 2378 auctius
1053 2341 1258 2390 προσεωεῦρε.
1292 2342 1474 2379 Aviditas
1502 2343 1597 2379 Alc-

301 2397 496 2442 maeonis,
515 2397 618 2433 dono
633 2396 814 2434 nondum
827 2402 1029 2440 contenta,
1046 2395 1127 2441 πρός
1146 2395 1201 2437 τήν
1220 2394 1329 2445 Saufei»
1347 2398 1461 2434 ἐοῦσαν
1479 2395 1594 2434 τοιαύ-

301 2469 357 2494 την
378 2450 486 2490 τοιοίδε
514 2449 723 2496 ἐπιτηδεύσας
746 2452 961 2500 προσεφεῖἷρεε
993 2454 1138 2503 insuper
1163 2453 1256 2489 talia
1284 2459 1500 2490 commentus
1527 2457 1594 2490 est.
