1718 2919
295 236 320 276 8
564 232 1315 276 ADNOTATIONES

292 340 455 378 Diodoro
491 341 635 384 Siculo,
671 345 792 389 atque
819 340 928 376 aliis.
976 339 1262 376 Humationem
1294 343 1398 377 certe
1428 341 1479 377 ab
1512 340 1589 378 illa

291 395 453 444 ignium
471 396 678 442 sepultura
701 395 830 432 nitide
849 394 1076 445 distinguit.
1111 398 1167 433 'W
1180 396 1293 432 ESS.

405 447 550 489 CAP
567 448 652 489 ῙΧ.
676 451 712 488 6.
738 453 821 488 τοῖσι
852 448 920 487 οὕνο
923 466 976 491 μοι
1001 456 1078 487 εἶναι
1099 447 1338 497 Σιγυννας)
1379 451 1588 499 perperam

291 505 523 541 sibilantem
558 494 737 541 litteram
767 505 942 541 nationis
963 505 1086 540 titulo
1111 506 1208 541 Med.
1228 504 1411 543 abstulit.
1438 508 1587 548 Σίγυννοι

290 563 488 627 Apollonio
516 561 859 597 Rh0c1.1V.520.
906 560 1077 596 Straboni
1103 562 1269 603 Σίγιννοι,
1301 559 1366 596 sed
1398 560 1442 596 in
1468 560 1588 606 Asia,

290 615 363 663 qui
396 615 562 662 ἱππαρίοις
604 616 784 661 ἓχρωνται
808 631 915 662 μικροι
906 612 1078 652 “exona-iem
1108 635 1125 642 -
1144 635 1161 641 -
1188 616 1350 662 τέθριππα
1373 612 1402 652 δὲ
1421 614 1588 661 ζευγνύω-

289 686 344 712 w,
388 682 548 717 prorsus
579 676 625 706 ut
651 670 693 705 hi
718 669 935 718 Europaei.
970 671 1069 706 bene
1104 670 1319 706 casaubono
1351 669 1588 715 adnotante‚

287 724 364 760 lib.
382 727 449 761 XI.
474 738 513 773 p.
535 738 627 775 790.
649 739 683 761 B.
714 723 776 774 [p.
796 726 885 761 520.
908 739 941 761 B.
961 725 1021 761 ed.
1043 721 1149 774 Cas.]
1190 724 1305 772 Quod
1326 731 1460 761 autem
1485 724 1587 761 olim

289 779 538 824 hariolabar,
565 782 744 816 Zosimum
774 781 845 816 hac
874 780 1104 816 narratione
1130 779 1340 827 deceptum
1359 779 1408 815 dc
1426 779 1587 816 Hunnis

287 835 466 884 vulgasse
482 861 491 877 ,
517 834 578 872 εἴτ-ε
612 833 665 878 οὓς
693 833 871 880 ‘qu‘ssoro'g
900 843 979 874 &nen
1005 837 1169 882 παρεικεῖν
1199 832 1256 872 τᾶν
1280 832 1406 882 Ἴστρον
1422 860 1433 877 ,
1469 829 1587 877 σιμσῧς

287 889 440 931 α’σθενέοις
468 888 667 937 οἱνθξῶπους,
696 890 770 926 lib.
798 893 866 927 IV.
893 902 925 925 c.
946 903 1008 925 20.
1039 889 1208 926 necdum
1239 889 1401 926 abiicio.
1438 889 1587 926 Audiit

287 943 336 979 de
354 947 548 994 Sigmmis,
573 945 700 993 inque
727 945 814 981 illis
843 946 999 981 Hunnos
1032 945 1153 980 latere
1181 943 1359 987 censuit,
1389 943 1451 981 his
1478 956 1588 981 erro-

287 1011 359 1035 nee
383 999 587 1044 tribuens,
615 1000 721 1047 quod
743 1002 989 1050 Sigunnarum
1017 1000 1132 1048 equis
1154 999 1425 1054 conveniebat.
1462 999 1587 1048 Equi-

285 1054 375 1090 dem
395 1054 439 1090 in
459 1054 583 1092 Musis
602 1055 709 1091 nihil
727 1055 941 1092 scrutando
960 1055 1119 1099 inveni,
1138 1054 1243 1090 unde
1257 1056 1384 1091 Novae
1396 1055 1587 1091 Historiae

286 1109 458 1157 scriptor
475 1109 580 1146 dicta
598 1121 783 1147 excusare
803 1116 936 1158 queat.
965 1111 1095 1148 WES
1108 1110 1147 1147 S.

347 1165 409 1201 15.
436 1165 557 1207 γένοιτο
577 1162 604 1201 δ’
621 1164 663 1202 niv
681 1165 751 1202 πᾶν
770 1166 797 1202 ἐν
818 1167 866 1213 τῷ
886 1166 1007 1213 μακρῷ
1028 1162 1157 1212 κρίνῳ)
1185 1165 1377 1213 Sophocles
1402 1165 1446 1200 in
1469 1165 1584 1202 Aiac.

283 1219 441 1256 dixerat
468 1232 525 1255 vs-
550 1220 641 1256 655.
668 1217 813 1258 “AnoevS'
841 1220 859 1256 ὅ
886 1219 1016 1267 ›stow-§0¹3
1048 1218 1287 1267 κςῖνκξιἙμ-κτυς
1311 1217 1425 1268 χρόνος
1448 1218 1524 1257 Φύει
1552 1220 1583 1258 τ’

285 1271 418 1318 ἄδηλοι,
439 1276 498 1311 καὶ
519 1275 663 1317 Φανέντοι
677 1274 871 1320 κρύπτεται.
902 1274 997 1312 Κοιῖκ
1015 1272 1087 1312 ἔστ’
1105 1271 1249 1310 ἄελπτον
1269 1272 1367 1311 οὐδὲν.
1398 1275 1582 1314 Proxima

285 1327 434 1372 Σιγύνκς
454 1326 481 1365 δ’
500 1324 541 1365 οἷν
565 1331 720 1367 καλέουσι
747 1349 764 1356 ·
781 1350 797 1357 -
815 1350 832 1356 -
854 1328 900 1367 τοὶ
919 1327 1064 1376 δόρατος,
1088 1328 1234 1364 merito
1254 1335 1445 1376 tanquam
1465 1329 1583 1366 adul-

284 1383 416 1420 terina
441 1383 604 1420 Criticis
624 1384 719 1419 hinc
737 1383 917 1421 furcillis
936 1383 1184 1419 deturbanda
1207 1384 1363 1419 censuit
1385 1384 1451 1421 vir
1473 1397 1584 1421 sum-

282 1451 375 1475 mus
395 1438 439 1474 in
458 1438 560 1475 Diss.
579 1440 718 1476 Herod.
741 1452 779 1487 p.
797 1439 861 1476 55.
895 1438 1065 1476 Ponitur
1084 1438 1126 1474 in
1155 1438 1217 1473 his
1241 1438 1440 1475 articulus
1461 1439 1585 1476 usita-

283 1499 323 1530 to
345 1494 627 1531 Grammaticis
644 1505 769 1536 more;
792 1494 864 1542 qui
881 1521 891 1539 ‚
906 1493 988 1530 iam
1006 1493 1176 1529 traditus
1191 1494 1241 1528 ab
1260 1495 1378 1530 Henr.
1396 1495 1583 1543 Stephano

281 1549 390 1596 App.
409 1549 457 1584 de
475 1549 582 1585 Dial.
602 1550 689 1586 Att.
710 1563 748 1597 p.
773 1562 790 1585 2
801 1562 863 1585 21.
887 1549 1093 1598 ignoratus
1116 1554 1248 1584 tamen
1271 1548 1451 1585 homines
1470 1561 1584 1598 saepe

281 1603 438 1651 decepit
455 1615 592 1640 rerum
611 1605 876 1653 antiquarum
904 1603 1188 1652 peritissim053
1220 1603 1291 1638 hoc
1318 1603 1361 1638 in
1391 1604 1476 1640 loco
1496 1610 1582 1641 tur.

283 1658 497 1706 pissimum
518 1658 562 1694 in
579 1670 755 1696 errorem
777 1659 992 1696 induxerat
1005 1658 1240 1706 interpretes
1254 1659 1454 1703 Herodoti,
1473 1659 1581 1707 quod

280 1713 445 1749 monuit
474 1714 597 1750 Erud.
624 1715 779 1751 Auctor
801 1715 860 1751 des
890 1716 1013 1751 Essais
1038 1714 1081 1750 de
1102 1714 1262 1762 Critique
1284 1727 1346 1750 sur
1368 1716 1418 1750 les
1439 1715 1582 1751 Tradu-

280 1770 396 1805 ctions
417 1770 639 1806 d’Herodote
661 1783 698 1818 p.
718 1773 806 1813 157.
836 1772 990 1807 VALC
1006 1771 1053 1805 K.

287 1839 292 1842 ·
344 1837 355 1858 1
370 1824 387 1859 5
407 1838 501 1873 seqq.
532 1822 696 1866 Σιγύννας
717 1822 744 1860 δ’
765 1821 806 1861 οἷν
830 1844 847 1851 -
865 1845 882 1852 -
899 1846 917 1853 -
936 1824 983 1862 τοὶ
1003 1820 1155 1871 δόρατα)
1185 1824 1272 1860 Non
1295 1821 1487 1858 videntur
1504 1825 1579 1859 He-

281 1878 460 1921 rodoma,
485 1878 549 1914 sed
579 1878 685 1915 iusto
706 1879 954 1915 officiosioris
986 1878 1236 1916 scholiastae.
1274 1877 1455 1915 Tur-hant
1473 1885 1578 1915 certe

278 1932 474 1969 orationis
491 1933 653 1977 seriem,
683 1933 848 1983 indigna
874 1936 985 1969 Patre
1011 1931 1286 1968 historiarum.
1324 1931 1405 1979 Qui
1432 1945 1578 1980 quaeso

280 1988 349 2023 illi
374 1989 401 2025 οἱ
428 1985 496 2024 οἴνω
525 1986 602 2035 ὑπὲρ
623 1992 820 2031 Μασσιλίκς
839 1990 973 2030 Λίγυες,
1003 1994 1096 2031 aut.
1115 1989 1391 2023 utLaurentius
1411 1987 1576 2034 habuit,

279 2045 416 2085 Λίβυες,
447 2041 588 2078 Poeni?
620 2043 783 2080 Somnia
813 2042 1079 2093 grammatici.
1107 2041 1280 2083 Σιγύννους
1304 2038 1335 2080 δὲ
1361 2043 1522 2080 καλοῦσιν
1547 2043 1575 2081 οἷ

279 2096 420 2144 Κύπριοι
440 2095 486 2133 τοὶ
511 2095 655 2134 οὲκόντιοι
684 2098 920 2146 interpretes
945 2098 1134 2147 Apollonii
1160 2097 1300 2133 Rh.11.
1331 2110 1395 2146 99.
1423 2099 1574 2142 5uidas,

279 2150 406 2193 Σιγύνκ
435 2153 493 2188 καὶ
529 2150 708 2194 Σιγύνους,
738 2151 783 2190 τοὶ
814 2151 939 2197 δόρατα
965 2151 1059 2199 πικροὶ
1090 2149 1294 2189 Μακεδόσιν.
1332 2151 1397 2188 Sic
1422 2152 1495 2188 hoc
1524 2153 1575 2189 de

277 2216 420 2253 genere
445 2206 591 2249 solent,
622 2218 703 2242 non
730 2209 953 2244 Herodotus.
977 2206 1158 2244 WESS.
1202 2227 1253 2233 —
1290 2210 1417 2244 vetus
1439 2207 1575 2248 admo-

278 2259 377 2295 dum
401 2259 526 2296 suerit
550 2266 705 2308 oportet
729 2262 1010 2297 adsumentum
1028 2288 1037 2305 ,
1062 2260 1168 2308 quod
1192 2260 1290 2297 libri
1318 2274 1477 2306 omncs,
1498 2262 1573 2311 qui

277 2314 443 2350 diversis
463 2326 509 2349 ex
530 2314 699 2351 familiis
724 2317 771 2352 ad
804 2330 874 2352 nos
901 2322 1169 2364 pervenerunt
1190 2323 1421 2364 agnoscunt.
1448 2317 1574 2365 Equi-

278 2369 391 2414 dem,
422 2382 496 2405 cur
525 2371 714 2407 Herodoto
744 2371 909 2419 indigna
942 2371 1013 2407 ista
1042 2370 1286 2415 iudicarem,
1317 2375 1477 2410 nullam
1507 2373 1571 2409 vel

279 2423 362 2461 vidi
391 2424 453 2459 vel
478 2429 670 2471 exputare
691 2438 864 2462 caussam
896 2426 1023 2474 potui.
1051 2424 1096 2463 S.

387 2475 533 2519 CAP.
551 2477 610 2517 Χ.
640 2480 677 2516 5.
702 2483 760 2518 καὶ
790 2479 869 2518 v‘no'
896 2483 1028 2519 τουτέων
1055 2481 1116 2520 οὐκ
1144 2480 1221 2519 εἶγκι
1250 2479 1338 2530 etc.)
1368 2482 1485 2521 Nihil
1510 2494 1575 2520 vc·
