1718 2919
342 248 439 290 AD
483 248 884 289 HERODOT.
928 250 983 291 V.
1025 250 1090 290 58.
1310 251 1361 294 55

69 352 208 392 Latina
233 364 280 389 ex
310 354 354 390 P.
386 354 567 402 Leopardi
597 352 839 401 praescripto
866 355 953 390 Em.
980 355 1067 391 VII.
1103 365 1162 403 19.
1189 358 1363 391 correcta

70 414 183 454 sunt,
203 408 352 457 quibus
373 409 478 444 male
497 407 541 443 in
573 413 768 456 postrema
806 408 982 444 editione
1007 411 1163 457 penuria
1191 408 1363 445 biblorum

69 464 280 513 Aegypti
309 469 344 499 et
366 465 545 513 Syriae
573 463 750 499 accessit:
774 462 881 503 nihil
909 463 1019 498 enim
1043 469 1214 511 utraque
1232 463 1283 499 de
1303 475 1363 499 re-

67 517 182 568 gione
211 517 403 566 Scriptor.
443 517 698 555 Certissimus
729 524 863 553 autem
887 520 1035 567 pellium
1063 531 1252 562 rasurum,
1280 517 1364 555 sive

70 570 240 621 διφθερῶν,
270 572 392 609 variis
412 572 512 608 olim
543 572 586 607 in
616 572 850 608 nationibus
875 573 923 608 ad
958 584 1094 610 rerum
1124 572 1361 609 memoriam

70 627 311 676 prodendam
334 639 440 664 usus.
470 629 676 663 Persarum
698 625 843 675 διφθέρας
868 626 1052 670 Boea-mam&
1081 627 1196 663 habet
1223 628 1361 664 Diodo-

69 696 130 719 rus
148 684 193 719 ΙΙ.
213 683 276 718 33.
304 687 343 718 et
360 683 545 732 Agathias
571 683 692 718 Schol.
709 685 755 719 ΙΙ.
776 695 863 730 pag.
891 683 953 718 66.
974 696 1011 720 A.
1027 708 1036 726 ‚
1065 682 1243 718 aliorum
1272 682 1359 718 alii.

72 739 218 775 Contra
241 748 285 773 ea
304 737 355 773 ab
373 749 507 773 errore
529 737 715 773 inmunis
746 737 852 773 haud
883 743 939 772 est
967 738 1147 773 Varronis
1166 737 1213 772 ‹le
1241 749 1362 785 papy-

70 804 137 837 το,
155 792 375 828 Alexandri
396 792 559 828 demum
579 791 712 842 Magni
742 798 867 828 aetate
890 797 1043 840 reperta
1058 819 1068 837 ,
1094 791 1234 839 opinio
1253 790 1363 839 apud

69 848 224 884 Plinium
255 847 354 884 Hist.
375 849 464 885 Nat.
495 847 567 884 lib.
600 849 702 884 XIII.
733 860 809 890 xm
844 847 989 882 melior
1014 847 1147 884 Nostri
1173 852 1213 883 et
1246 847 1365 883 Cassii

69 903 245 938 Heminae
263 915 348 950 cap.
365 914 455 938 xm.
482 901 658 938 eiusdem
679 901 857 938 Pliniani
878 901 992 938 libri.
1021 901 1223 944 Βύβλους
1244 913 1364 949 porro

72 962 111 993 et
135 955 332 1000 βύβλων,
355 968 401 993 ex
421 957 550 1005 prisco
568 969 698 1002 more,
723 958 912 1002 Passion.,·
932 968 1107 1005 namque
1126 956 1182 992 ita
1206 957 1338 1004 potius
1353 983 1363 1001 ⁷

68 1024 190 1060 quam
210 1013 344 1055 βίβλους
370 1012 611 1059 scriptitasse
624 1039 635 1058 ‚
654 1012 702 1048 ad
721 1013 833 1049 Hom.
852 1012 1064 1049 Eustathius
1085 1024 1124 1059 p.
1148 1024 1159 1046 1
1172 1024 1213 1061 91
1228 1011 1247 1047 3
1263 1038 1273 1057 ‚
1300 1011 1363 1047 30.

69 1066 143 1116 [ad
164 1065 237 1103 Od.
259 1079 345 1116 pag.
370 1067 444 1114 765
460 1093 470 1112 e
493 1068 555 1104 38.
579 1067 639 1103 ed.
655 1063 764 1117 Bas]
795 1073 934 1103 auctor
961 1073 1029 1103 est.
1070 1066 1173 1102 Hinc
1200 1068 1363 1106 βυβλίνων

70 1118 181 1159 ὅπλων
200 1122 352 1157 mentio
372 1127 410 1158 et
429 1121 627 1170 scriptura
650 1121 723 1158 lib.
744 1123 829 1158 VII.
853 1122 917 1158 36.
950 1122 1081 1159 WES
1094 1121 1131 1158 S.

122 1175 216 1212 Ibid.
243 1174 306 1219 τοὶς
322 1178 508 1220 βίβλους
526 1174 728 1226 διφθέρας
746 1173 948 1226 καλέουσιν)
972 1178 1118 1213 Vallam
1136 1175 1284 1212 fefellit
1301 1187 1363 1212 ar-

70 1230 243 1274 ticulus;
269 1242 444 1268 errorem
464 1231 546 1268 iam
566 1232 738 1268 correxit
763 1233 807 1268 P.
823 1232 1003 1281 Leopard.
1032 1234 1118 1268 Em.
1137 1232 1226 1267 VII.
1243 1243 1277 1266 c.
1302 1243 1313 1265 1
1327 1244 1363 1280 9.

66 1285 250 1322 eumdem
271 1292 403 1322 tamen
420 1292 610 1323 errarunt
626 1292 664 1323 et
683 1286 757 1323 alii
775 1303 783 1329 3
805 1287 911 1335 quod
927 1286 1131 1323 monitum
1151 1287 1200 1321 ab
1215 1286 1363 1321 Aucto-

66 1352 110 1377 re
127 1342 185 1378 des
214 1342 336 1378 Essais
361 1342 403 1378 de
426 1343 520 1379 Crit.
546 1355 634 1391 pag.
660 1343 748 1378 161.
782 1341 1082 1389 Adpellationis
1108 1354 1179 1377 suo
1201 1351 1364 1389 quoque

69 1401 266 1444 tempore,
289 1396 392 1445 quin
413 1402 452 1433 et
469 1396 706 1442 recentiori,
726 1397 819 1433 satis
844 1396 1012 1433 usitatae
1038 1396 1233 1432 rationem
1255 1406 1365 1444 repe·

67 1450 119 1487 tit
136 1452 186 1487 ab
203 1451 486 1501 antiquissimo
514 1464 625 1496 more
642 1452 873 1498 Herodotus,
893 1451 1073 1488 barbaris
1093 1451 1213 1487 etiam
1236 1450 1365 1487 isthac

67 1510 191 1542 aetate
211 1512 318 1544 noto.
346 1507 491 1544 Vellus
509 1519 680 1544 aureum
707 1506 830 1543 fuisse
851 1508 980 1546 βιβλίον
1003 1507 1030 1544 ἐν
1054 1503 1189 1554 δέρμασι
1210 1520 1362 1553 γεγραμ-

66 1561 158 1603 μένον
187 1560 400 1598 videbatur
424 1561 576 1598 incerto
601 1561 788 1610 scriptori
816 1563 886 1610 περὶ
916 1561 1104 1603 Ἀπία-των,
1137 1573 1169 1597 e.
1194 1560 1228 1596 3.
1256 1560 1363 1597 cons.

67 1614 115 1650 ad
143 1616 318 1665 Palaeph.
336 1629 419 1664 cap.
445 1617 463 1652 3
476 1629 508 1653 1.
531 1618 675 1654 Galeas.
713 1616 862 1653 Persica
881 1628 951 1653 sua
969 1615 1009 1652 se
1028 1616 1166 1653 Ctesias
1189 1615 1363 1651 hausisse

67 1669 263 1707 scribebat
277 1671 314 1708 ἐκ
333 1671 397 1708 uzu
417 1673 603 1712 βασιλικῶν
624 1669 797 1720 διφθερῶν,
822 1677 917 1708 teste
936 1671 1098 1707 Diodoro
1119 1673 1191 1707 Sic.
1207 1671 1252 1707 II.
1276 1683 1361 1717 cap.

71 1724 134 1760 52.
169 1726 239 1761 ubi
264 1725 345 1762 vid.
368 1726 476 1762 Clar.
506 1727 634 1763 Wess.
658 1731 696 1762 et
726 1727 785 1763 Τι’.
805 1726 1014 1762 Hemsterh.
1034 1725 1082 1760 ad
1111 1727 1206 1762 Poll.
1225 1727 1275 1761 X.
1299 1725 1361 1771 57.

68 1779 184 1817 cuius
212 1780 319 1816 libro
344 1782 431 1818 VII.
464 1793 507 1816 21
523 1794 555 1818 1.
580 1781 674 1817 haec
704 1786 883 1828 prostant
910 1781 1109 1825 Herodoti,
1135 1781 1220 1816 loco
1239 1791 1361 1828 quem

66 1835 247 1884 Leopard.
274 1835 474 1872 excitavit.
515 1835 767 1878 ’Υπομνῆματκ
798 1834 967 1874 βασιλικοὶ
997 1840 1110 1872 vocat
1137 1841 1177 1871 et
1206 1836 1363 1872 Diodor.

66 1890 130 1926 ΙΙΙ.
151 1891 235 1934 38.;
266 1893 538 1928 commentarios
569 1893 710 1940 regim,
740 1891 862 1928 Livius
881 1891 1061 1928 XXXIII.
1092 1902 1151 1928 11.
1179 1889 1361 1939 Philippi

67 1945 290 1982 Macedonis
326 1942 540 1984 Μακεδονικαὶ
572 1947 631 1988 wic
658 1945 839 1987 βασιλικῆς
867 1945 973 1987 οἰκίας
999 1943 1254 1988 ὑπομνήματα,
1287 1947 1362 1982 Lu-

69 2001 163 2037 ciam
181 2001 386 2037 Demosth.
406 2002 569 2037 Encom.
587 1997 620 2050 ᾗ.
643 2001 706 2036 26.
735 2002 936 2037 Arcturus
957 1999 1030 2047 qui
1049 2000 1261 2049 Prologum
1279 1999 1362 2049 agit

69 2053 113 2100 in
134 2056 256 2092 Plauti
279 2055 381 2091 Rud.
401 2068 457 2091 vs.
484 2056 563 2099 15..
593 2054 828 2104 (Malorum)
857 2069 896 2092 re
915 2057 1044 2091 erimus
1065 2056 1212 2090 nomina
1228 2057 1364 2092 exscri-

68 2114 137 2156 pta
150 2111 200 2147 ad
217 2112 350 2147 Iovem:
380 2123 435 2146 vs.
455 2124 538 2155 21.,
560 2112 680 2148 Bonos
706 2114 745 2146 in
763 2112 848 2147 aliis
868 2110 999 2147 tabulis
1023 2111 1222 2158 exscriptos
1242 2110 1362 2147 habet.

74 2163 165 2198 Istas
192 2165 291 2202 Iovis
321 2166 477 2201 tabulas
504 2163 648 2213 διφθέρας
677 2165 882 2201 dicebant:
916 2166 1139 2214 Diogenian.
1164 2166 1229 2201 111.
1250 2166 1361 2202 Prov.

79 2229 134 2261 2·‚
162 2216 181 2256 ἦ
207 2214 353 2266 διφθέρα,
385 2220 466 2266 ait,
485 2221 513 2257 ἐν
535 2214 559 2268 ᾖ
582 2217 703 2258 δοκεῖὁ
723 2218 804 2263 Ζεῦς
833 2218 1089 2267 οἶπογροίωεσθοιι
1109 2218 1155 2256 τοὶ
1175 2217 1358 2262 γινόμενοι,

76 2270 315 2314 παμπάλαιος.
347 2275 458 2321 Quae
479 2281 636 2322 praeter
652 2276 872 2324 Diogenian.
892 2276 962 2311 IV.
985 2274 1071 2324 95.7
1091 2274 1267 2310 Zenobius
1294 2274 1364 2310 ha-

74 2325 140 2361 bet
158 2327 270 2362 Cent-
288 2327 358 2363 IV·
381 2331 491 2366 Prov.
516 2342 527 2364 1
544 2343 594 2374 1.,
621 2331 825 2366 senarium
847 2329 1053 2373 efficiunt,
1079 2340 1101 2364 e
1118 2329 1243 2365 veteri
1263 2342 1364 2377 quo·

73 2379 165 2415 (lam
187 2380 364 2416 dramate
389 2389 549 2432 propter
567 2385 806 2434 elegantiam
830 2384 1097 2421 custoditum:
1128 2382 1171 2421 “O
1199 2382 1280 2426 Ζεύς
1300 2399 1362 2420 κοι-

74 2432 155 2471 τεῖδε
176 2433 300 2482 χρόνιος
331 2436 372 2479 εἷς
400 2434 464 2478 τοὶς
488 2436 645 2488 διφθέρας.
690 2439 947 2476 vanissimus
975 2441 1117 2475 Auctor
1141 2437 1363 2485 Philopatr.

73 2488 180 2531 inter
199 2492 381 2526 Lucianea
396 2492 438 2526 T.
455 2491 517 2527 III.
538 2502 621 2542 pag.
639 2495 731 2530 603.
743 2521 754 2540 ,
772 2493 918 2537 πολλούς
936 2509 974 2536 ’γε
992 2494 1143 2542 γραφέας
1171 2492 1236 2541 φῄς
1261 2493 1289 2530 ἔν
1314 2492 1364 2539 τῷ

79 2542 221 2592 οὐρανῷ,
251 2543 292 2588 οἷς
312 2538 450 2582 ἅπαντα
475 2544 743 2592 ἀπογράφεσθαι.
771 2549 986 2586 VALCK.
