<?xml version="1.0" encoding="UTF-8"?>
<!DOCTYPE html PUBLIC "-//W3C//DTD XHTML 1.0 Transitional//EN"
    "http://www.w3.org/TR/xhtml1/DTD/xhtml1-transitional.dtd">
<html xmlns="http://www.w3.org/1999/xhtml" xml:lang="en" lang="en">
 <head>
  <title>
</title>
<meta http-equiv="Content-Type" content="text/html;charset=utf-8" />
  <meta name='ocr-system' content='tesseract 3.04.00' />
  <meta name='ocr-capabilities' content='ocr_page ocr_carea ocr_par ocr_line ocrx_word'/>
</head>
<body>
  <div class='ocr_page' id='page_1' title='image "./musaesivehistori06hero_0529.png"; bbox 0 0 1718 2919; ppageno 0'>
   <div class='ocr_carea' id='block_1_1' title="bbox 284 230 1389 291">
    <p class='ocr_par' dir='ltr' id='par_1_1' title="bbox 284 230 1389 291">
     <span class='ocr_line' id='line_1_1' title="bbox 284 230 1389 291; baseline 0.009 -18"><span class='ocrx_word' id='word_1_1' title='bbox 284 235 380 274; x_wconf 87' lang='lat' dir='ltr'><strong>AD</strong></span> <span class='ocrx_word' id='word_1_2' title='bbox 427 230 1098 279; x_wconf 80' lang='lat' dir='ltr'><strong>HEROD&#39;OT.V11L21.</strong></span> <span class='ocrx_word' id='word_1_3' title='bbox 1127 250 1189 280; x_wconf 79' lang='lat'><strong>22.</strong></span> <span class='ocrx_word' id='word_1_4' title='bbox 1341 246 1389 291; x_wconf 81' lang='lat'><strong>95</strong></span> 
     </span>
    </p>
   </div>
   <div class='ocr_carea' id='block_1_2' title="bbox 93 340 1396 2515">
    <p class='ocr_par' dir='ltr' id='par_1_2' title="bbox 104 340 1394 445">
     <span class='ocr_line' id='line_1_2' title="bbox 104 340 1394 390; baseline 0.005 -14"><span class='ocrx_word' id='word_1_5' title='bbox 104 344 238 390; x_wconf 77' lang='lat' dir='ltr'><strong>patur.</strong></span> <span class='ocrx_word' id='word_1_6' title='bbox 271 340 351 378; x_wconf 86' lang='lat' dir='ltr'><strong>Nec</strong></span> <span class='ocrx_word' id='word_1_7' title='bbox 374 352 466 377; x_wconf 82' lang='lat' dir='ltr'><strong>vero</strong></span> <span class='ocrx_word' id='word_1_8' title='bbox 488 341 680 387; x_wconf 75' lang='lat' dir='ltr'><strong>diffiteor,</strong></span> <span class='ocrx_word' id='word_1_9' title='bbox 698 341 827 378; x_wconf 85' lang='lat' dir='ltr'><strong>videri</strong></span> <span class='ocrx_word' id='word_1_10' title='bbox 846 342 947 378; x_wconf 89' lang='lat' dir='ltr'><strong>mihi</strong></span> <span class='ocrx_word' id='word_1_11' title='bbox 967 343 1072 379; x_wconf 86' lang='lat' dir='ltr'><strong>istud</strong></span> <span class='ocrx_word' id='word_1_12' title='bbox 1094 345 1260 380; x_wconf 85' lang='lat' dir='ltr'><strong>verbum</strong></span> <span class='ocrx_word' id='word_1_13' title='bbox 1277 345 1394 388; x_wconf 66' lang='grc' dir='ltr'>παλή-</span> 
     </span>
     <span class='ocr_line' id='line_1_3' title="bbox 104 395 1126 445; baseline 0.003 -12"><span class='ocrx_word' id='word_1_14' title='bbox 104 410 166 433; x_wconf 73' lang='grc' dir='ltr'><strong>σειε</strong></span> <span class='ocrx_word' id='word_1_15' title='bbox 182 395 390 431; x_wconf 85' lang='lat' dir='ltr'><strong>certiorem</strong></span> <span class='ocrx_word' id='word_1_16' title='bbox 412 395 532 431; x_wconf 86' lang='lat' dir='ltr'><strong>etiam</strong></span> <span class='ocrx_word' id='word_1_17' title='bbox 554 408 663 432; x_wconf 88' lang='lat' dir='ltr'><strong>nunc</strong></span> <span class='ocrx_word' id='word_1_18' title='bbox 689 397 817 432; x_wconf 83' lang='lat' dir='ltr'><strong>lucem</strong></span> <span class='ocrx_word' id='word_1_19' title='bbox 837 397 1053 445; x_wconf 82' lang='lat' dir='ltr'><strong>requirere.</strong></span> <span class='ocrx_word' id='word_1_20' title='bbox 1082 397 1126 436; x_wconf 82' lang='lat' dir='ltr'><strong>S.</strong></span> 
     </span>
    </p>

    <p class='ocr_par' dir='ltr' id='par_1_3' title="bbox 99 447 1396 1526">
     <span class='ocr_line' id='line_1_4' title="bbox 216 447 1394 499; baseline 0.004 -11"><span class='ocrx_word' id='word_1_21' title='bbox 216 447 362 490; x_wconf 86' lang='lat' dir='ltr'><strong>CAP.</strong></span> <span class='ocrx_word' id='word_1_22' title='bbox 387 448 548 489; x_wconf 80' lang='lat' dir='ltr'><strong>XXII.</strong></span> <span class='ocrx_word' id='word_1_23' title='bbox 586 463 617 487; x_wconf 92' lang='grc'><strong>1.</strong></span> <span class='ocrx_word' id='word_1_24' title='bbox 647 453 718 493; x_wconf 78' lang='grc' dir='ltr'><em>νέας</em></span> <span class='ocrx_word' id='word_1_25' title='bbox 742 449 805 493; x_wconf 71' lang='grc' dir='ltr'><strong>τοὶς</strong></span> <span class='ocrx_word' id='word_1_26' title='bbox 831 451 953 499; x_wconf 63' lang='grc' dir='ltr'><strong>εἴρια-τα</strong></span> <span class='ocrx_word' id='word_1_27' title='bbox 983 451 1162 496; x_wconf 65' lang='grc' dir='ltr'><strong>πλωούτας</strong></span> <span class='ocrx_word' id='word_1_28' title='bbox 1195 454 1394 499; x_wconf 58' lang='grc' dir='ltr'><strong>ἐπιλεξά-</strong></span> 
     </span>
     <span class='ocr_line' id='line_1_5' title="bbox 108 503 1394 557; baseline 0.005 -16"><span class='ocrx_word' id='word_1_29' title='bbox 108 503 255 553; x_wconf 77' lang='grc' dir='ltr'>μενος)</span> <span class='ocrx_word' id='word_1_30' title='bbox 291 505 521 554; x_wconf 71' lang='lat' dir='ltr'><strong>Cori-igitur</strong></span> <span class='ocrx_word' id='word_1_31' title='bbox 550 503 896 549; x_wconf 75' lang='grc' dir='ltr'><em>α’πολεξοῖμενος,</em></span> <span class='ocrx_word' id='word_1_32' title='bbox 933 506 1034 542; x_wconf 87' lang='lat' dir='ltr'><strong>sorte</strong></span> <span class='ocrx_word' id='word_1_33' title='bbox 1065 508 1114 542; x_wconf 90' lang='lat' dir='ltr'><strong>ob</strong></span> <span class='ocrx_word' id='word_1_34' title='bbox 1137 520 1169 544; x_wconf 90' lang='lat' dir='ltr'><strong>c.</strong></span> <span class='ocrx_word' id='word_1_35' title='bbox 1196 521 1282 545; x_wconf 82' lang='lat'><strong>101.</strong></span> <span class='ocrx_word' id='word_1_36' title='bbox 1305 508 1394 557; x_wconf 68' lang='grc' dir='ltr'><em>τριή-</em></span> 
     </span>
     <span class='ocr_line' id='line_1_6' title="bbox 109 557 1390 607; baseline 0.005 -12"><span class='ocrx_word' id='word_1_37' title='bbox 109 572 210 596; x_wconf 74' lang='grc' dir='ltr'><em>κοντα</em></span> <span class='ocrx_word' id='word_1_38' title='bbox 232 557 395 606; x_wconf 66' lang='grc' dir='ltr'><strong>μυριάδας</strong></span> <span class='ocrx_word' id='word_1_39' title='bbox 417 559 746 603; x_wconf 58' lang='grc' dir='ltr'><strong>ἀπολεξάμενος</strong></span> <span class='ocrx_word' id='word_1_40' title='bbox 768 561 829 598; x_wconf 66' lang='grc' dir='ltr'><strong>τοῦ</strong></span> <span class='ocrx_word' id='word_1_41' title='bbox 854 562 1017 607; x_wconf 63' lang='grc' dir='ltr'><strong>στρατοῦ,</strong></span> <span class='ocrx_word' id='word_1_42' title='bbox 1048 567 1086 597; x_wconf 86' lang='lat' dir='ltr'><strong>et</strong></span> <span class='ocrx_word' id='word_1_43' title='bbox 1104 561 1324 606; x_wconf 71' lang='grc' dir='ltr'><strong>οἶπολὲξκντες</strong></span> <span class='ocrx_word' id='word_1_44' title='bbox 1350 564 1390 602; x_wconf 63' lang='lat' dir='ltr'><strong>ro*</strong></span> 
     </span>
     <span class='ocr_line' id='line_1_7' title="bbox 109 611 1393 667; baseline 0.005 -17"><span class='ocrx_word' id='word_1_45' title='bbox 109 611 240 661; x_wconf 72' lang='grc' dir='ltr'><strong>ἄριστον</strong></span> <span class='ocrx_word' id='word_1_46' title='bbox 263 613 337 651; x_wconf 77' lang='lat' dir='ltr'><strong>lib:</strong></span> <span class='ocrx_word' id='word_1_47' title='bbox 357 617 407 651; x_wconf 90' lang='lat' dir='ltr'><strong>V.</strong></span> <span class='ocrx_word' id='word_1_48' title='bbox 433 627 520 650; x_wconf 85' lang='lat'><strong>110.</strong></span> <span class='ocrx_word' id='word_1_49' title='bbox 562 615 672 662; x_wconf 82' lang='lat' dir='ltr'><strong>Quae</strong></span> <span class='ocrx_word' id='word_1_50' title='bbox 698 614 861 662; x_wconf 87' lang='lat' dir='ltr'><strong>quidem</strong></span> <span class='ocrx_word' id='word_1_51' title='bbox 892 615 987 651; x_wconf 85' lang='lat' dir='ltr'><strong>boni</strong></span> <span class='ocrx_word' id='word_1_52' title='bbox 1008 617 1231 659; x_wconf 74' lang='lat' dir='ltr'><strong>commati53</strong></span> <span class='ocrx_word' id='word_1_53' title='bbox 1264 630 1393 667; x_wconf 88' lang='lat' dir='ltr'><strong>neque</strong></span> 
     </span>
     <span class='ocr_line' id='line_1_8' title="bbox 106 666 1391 718; baseline 0.005 -14"><span class='ocrx_word' id='word_1_54' title='bbox 106 678 200 704; x_wconf 78' lang='lat' dir='ltr'><strong>vero</strong></span> <span class='ocrx_word' id='word_1_55' title='bbox 219 668 413 716; x_wconf 79' lang='lat' dir='ltr'><strong>pravioris</strong></span> <span class='ocrx_word' id='word_1_56' title='bbox 432 670 655 718; x_wconf 80' lang='lat' dir='ltr'><strong>vulgatum.</strong></span> <span class='ocrx_word' id='word_1_57' title='bbox 684 666 939 712; x_wconf 65' lang='grc' dir='ltr'><strong>Ἐπιλεξοέμενος</strong></span> <span class='ocrx_word' id='word_1_58' title='bbox 959 668 1076 717; x_wconf 59' lang='grc' dir='ltr'><strong>ἄνδρας</strong></span> <span class='ocrx_word' id='word_1_59' title='bbox 1094 669 1173 708; x_wconf 64' lang='grc' dir='ltr'><strong>δέκα</strong></span> <span class='ocrx_word' id='word_1_60' title='bbox 1186 672 1391 718; x_wconf 70' lang='grc' dir='ltr'><strong>Αἰγινητέων,</strong></span> 
     </span>
     <span class='ocr_line' id='line_1_9' title="bbox 108 720 1393 771; baseline 0.005 -14"><span class='ocrx_word' id='word_1_61' title='bbox 108 721 184 758; x_wconf 87' lang='lat' dir='ltr'><strong>lib.</strong></span> <span class='ocrx_word' id='word_1_62' title='bbox 210 724 279 760; x_wconf 89' lang='lat' dir='ltr'><strong>VI.</strong></span> <span class='ocrx_word' id='word_1_63' title='bbox 311 724 373 770; x_wconf 75' lang='lat'><strong>73.</strong></span> <span class='ocrx_word' id='word_1_64' title='bbox 400 721 634 767; x_wconf 59' lang='grc' dir='ltr'><strong>ἐπιλεξάμενός</strong></span> <span class='ocrx_word' id='word_1_65' title='bbox 660 738 695 760; x_wconf 85' lang='grc' dir='ltr'><strong>τε</strong></span> <span class='ocrx_word' id='word_1_66' title='bbox 724 720 840 771; x_wconf 67' lang='grc' dir='ltr'><em>ἄνδρας</em></span> <span class='ocrx_word' id='word_1_67' title='bbox 869 722 944 766; x_wconf 65' lang='grc' dir='ltr'><strong>τούς</strong></span> <span class='ocrx_word' id='word_1_68' title='bbox 971 723 1093 767; x_wconf 61' lang='grc' dir='ltr'><strong>ἐθέλεις,</strong></span> <span class='ocrx_word' id='word_1_69' title='bbox 1130 726 1202 762; x_wconf 86' lang='lat' dir='ltr'><strong>lib.</strong></span> <span class='ocrx_word' id='word_1_70' title='bbox 1222 729 1306 763; x_wconf 82' lang='lat' dir='ltr'><strong>VII.</strong></span> <span class='ocrx_word' id='word_1_71' title='bbox 1333 741 1393 765; x_wconf 85' lang='lat'><strong>10.</strong></span> 
     </span>
     <span class='ocr_line' id='line_1_10' title="bbox 106 776 1394 827; baseline 0.004 -14"><span class='ocrx_word' id='word_1_72' title='bbox 106 777 222 813; x_wconf 88' lang='lat' dir='ltr'><strong>Adde</strong></span> <span class='ocrx_word' id='word_1_73' title='bbox 238 779 366 815; x_wconf 90' lang='lat' dir='ltr'><strong>Thom.</strong></span> <span class='ocrx_word' id='word_1_74' title='bbox 387 781 440 815; x_wconf 88' lang='lat' dir='ltr'><strong>M.</strong></span> <span class='ocrx_word' id='word_1_75' title='bbox 467 778 510 813; x_wconf 89' lang='lat' dir='ltr'><strong>in</strong></span> <span class='ocrx_word' id='word_1_76' title='bbox 536 776 781 819; x_wconf 70' lang='grc' dir='ltr'><strong>Ἀναλέγομοιι.</strong></span> <span class='ocrx_word' id='word_1_77' title='bbox 823 779 935 826; x_wconf 83' lang='lat' dir='ltr'><strong>Quae</strong></span> <span class='ocrx_word' id='word_1_78' title='bbox 957 778 1139 827; x_wconf 81' lang='lat' dir='ltr'><strong>deinceps</strong></span> <span class='ocrx_word' id='word_1_79' title='bbox 1163 792 1208 816; x_wconf 87' lang='lat' dir='ltr'><strong>ex</strong></span> <span class='ocrx_word' id='word_1_80' title='bbox 1238 781 1394 819; x_wconf 88' lang='lat' dir='ltr'><strong>duobus</strong></span> 
     </span>
     <span class='ocr_line' id='line_1_11' title="bbox 107 832 1394 882; baseline 0.005 -15"><span class='ocrx_word' id='word_1_81' title='bbox 107 832 230 869; x_wconf 88' lang='lat' dir='ltr'><strong>Codd.</strong></span> <span class='ocrx_word' id='word_1_82' title='bbox 256 833 465 877; x_wconf 82' lang='lat' dir='ltr'><strong>exsulant,</strong></span> <span class='ocrx_word' id='word_1_83' title='bbox 497 845 577 869; x_wconf 90' lang='lat' dir='ltr'><strong>non</strong></span> <span class='ocrx_word' id='word_1_84' title='bbox 605 832 679 868; x_wconf 87' lang='lat' dir='ltr'><strong>illa</strong></span> <span class='ocrx_word' id='word_1_85' title='bbox 711 844 801 868; x_wconf 84' lang='lat' dir='ltr'><strong>casu</strong></span> <span class='ocrx_word' id='word_1_86' title='bbox 832 833 1087 879; x_wconf 79' lang='lat' dir='ltr'><strong>exciderunt,</strong></span> <span class='ocrx_word' id='word_1_87' title='bbox 1122 840 1258 882; x_wconf 81' lang='lat' dir='ltr'><strong>utpote</strong></span> <span class='ocrx_word' id='word_1_88' title='bbox 1296 849 1394 873; x_wconf 68' lang='lat' dir='ltr'><strong>nexa</strong></span> 
     </span>
     <span class='ocr_line' id='line_1_12' title="bbox 105 886 1396 940; baseline 0.004 -17"><span class='ocrx_word' id='word_1_89' title='bbox 105 886 274 934; x_wconf 82' lang='lat' dir='ltr'><strong>optime:</strong></span> <span class='ocrx_word' id='word_1_90' title='bbox 302 889 535 935; x_wconf 84' lang='lat' dir='ltr'><strong>praeberent</strong></span> <span class='ocrx_word' id='word_1_91' title='bbox 553 887 750 936; x_wconf 78' lang='lat' dir='ltr'><strong>profecto,</strong></span> <span class='ocrx_word' id='word_1_92' title='bbox 771 887 801 923; x_wconf 92' lang='lat' dir='ltr'><strong>si</strong></span> <span class='ocrx_word' id='word_1_93' title='bbox 824 887 1013 935; x_wconf 86' lang='lat' dir='ltr'><strong>pluribus</strong></span> <span class='ocrx_word' id='word_1_94' title='bbox 1039 890 1234 935; x_wconf 74' lang='lat' dir='ltr'><strong>abessent,</strong></span> <span class='ocrx_word' id='word_1_95' title='bbox 1254 892 1396 940; x_wconf 84' lang='lat' dir='ltr'><strong>glossa-</strong></span> 
     </span>
     <span class='ocr_line' id='line_1_13' title="bbox 107 941 1394 994; baseline 0.004 -16"><span class='ocrx_word' id='word_1_96' title='bbox 107 941 204 978; x_wconf 72' lang='lat' dir='ltr'><strong>ioris</strong></span> <span class='ocrx_word' id='word_1_97' title='bbox 231 942 443 990; x_wconf 85' lang='lat' dir='ltr'><strong>specimen.</strong></span> <span class='ocrx_word' id='word_1_98' title='bbox 471 943 650 980; x_wconf 81' lang='lat' dir='ltr'><strong>WESS.</strong></span> <span class='ocrx_word' id='word_1_99' title='bbox 681 962 732 968; x_wconf 91' lang='lat'><strong>—-</strong></span> <span class='ocrx_word' id='word_1_100' title='bbox 771 943 903 979; x_wconf 80' lang='lat' dir='ltr'><strong>Verba</strong></span> <span class='ocrx_word' id='word_1_101' title='bbox 923 941 966 979; x_wconf 67' lang='lat' dir='ltr'><strong>ro?</strong></span> <span class='ocrx_word' id='word_1_102' title='bbox 989 941 1093 986; x_wconf 80' lang='grc' dir='ltr'><em>Ἴωνες</em></span> <span class='ocrx_word' id='word_1_103' title='bbox 1111 950 1182 981; x_wconf 85' lang='lat' dir='ltr'><strong>etc.</strong></span> <span class='ocrx_word' id='word_1_104' title='bbox 1208 958 1310 994; x_wconf 78' lang='lat' dir='ltr'><strong>quae</strong></span> <span class='ocrx_word' id='word_1_105' title='bbox 1333 959 1394 983; x_wconf 92' lang='lat' dir='ltr'><strong>co-</strong></span> 
     </span>
     <span class='ocr_line' id='line_1_14' title="bbox 103 995 1393 1046; baseline 0.005 -14"><span class='ocrx_word' id='word_1_106' title='bbox 103 995 263 1033; x_wconf 86' lang='lat' dir='ltr'><strong>dicibus</strong></span> <span class='ocrx_word' id='word_1_107' title='bbox 278 998 394 1035; x_wconf 83' lang='lat' dir='ltr'><strong>Arch.</strong></span> <span class='ocrx_word' id='word_1_108' title='bbox 416 1003 454 1034; x_wconf 89' lang='lat' dir='ltr'><strong>et</strong></span> <span class='ocrx_word' id='word_1_109' title='bbox 473 998 583 1034; x_wconf 82' lang='lat' dir='ltr'><strong>Vind.</strong></span> <span class='ocrx_word' id='word_1_110' title='bbox 604 996 768 1045; x_wconf 78' lang='lat' dir='ltr'><strong>desunt,</strong></span> <span class='ocrx_word' id='word_1_111' title='bbox 792 997 967 1046; x_wconf 85' lang='lat' dir='ltr'><strong>agnoscit</strong></span> <span class='ocrx_word' id='word_1_112' title='bbox 985 1004 1117 1034; x_wconf 88' lang='lat' dir='ltr'><strong>noster</strong></span> <span class='ocrx_word' id='word_1_113' title='bbox 1134 999 1217 1036; x_wconf 85' lang='lat' dir='ltr'><strong>cod.</strong></span> <span class='ocrx_word' id='word_1_114' title='bbox 1237 1002 1277 1036; x_wconf 88' lang='lat' dir='ltr'><strong>F.</strong></span> <span class='ocrx_word' id='word_1_115' title='bbox 1300 1014 1393 1038; x_wconf 88' lang='lat' dir='ltr'><strong>cum</strong></span> 
     </span>
     <span class='ocr_line' id='line_1_15' title="bbox 104 1051 1395 1101; baseline 0.005 -15"><span class='ocrx_word' id='word_1_116' title='bbox 104 1051 198 1088; x_wconf 84' lang='lat' dir='ltr'><strong>aliis</strong></span> <span class='ocrx_word' id='word_1_117' title='bbox 222 1052 431 1089; x_wconf 85' lang='lat' dir='ltr'><strong>omnibus:</strong></span> <span class='ocrx_word' id='word_1_118' title='bbox 460 1058 499 1089; x_wconf 92' lang='lat' dir='ltr'><strong>et</strong></span> <span class='ocrx_word' id='word_1_119' title='bbox 524 1052 717 1101; x_wconf 83' lang='lat' dir='ltr'><strong>quoniam</strong></span> <span class='ocrx_word' id='word_1_120' title='bbox 744 1051 787 1086; x_wconf 93' lang='lat' dir='ltr'><strong>in</strong></span> <span class='ocrx_word' id='word_1_121' title='bbox 815 1052 876 1088; x_wconf 87' lang='lat' dir='ltr'><strong>his</strong></span> <span class='ocrx_word' id='word_1_122' title='bbox 898 1053 1071 1088; x_wconf 78' lang='lat' dir='ltr'><strong>recurrit</strong></span> <span class='ocrx_word' id='word_1_123' title='bbox 1091 1056 1258 1090; x_wconf 76' lang='lat' dir='ltr'><strong>verbum</strong></span> <span class='ocrx_word' id='word_1_124' title='bbox 1279 1055 1395 1094; x_wconf 68' lang='grc' dir='ltr'>ἐπελέ-</span> 
     </span>
     <span class='ocr_line' id='line_1_16' title="bbox 103 1105 1394 1157; baseline 0.003 -14"><span class='ocrx_word' id='word_1_125' title='bbox 103 1105 202 1149; x_wconf 79' lang='grc' dir='ltr'><em>ξαντο</em></span> <span class='ocrx_word' id='word_1_126' title='bbox 239 1107 362 1156; x_wconf 35' lang='lat' dir='ltr'><strong>longe.</strong></span> <span class='ocrx_word' id='word_1_127' title='bbox 381 1107 535 1144; x_wconf 83' lang='lat' dir='ltr'><strong>diversa</strong></span> <span class='ocrx_word' id='word_1_128' title='bbox 565 1107 749 1151; x_wconf 82' lang='lat' dir='ltr'><strong>notione,</strong></span> <span class='ocrx_word' id='word_1_129' title='bbox 789 1107 929 1142; x_wconf 81' lang='lat' dir='ltr'><strong>malles</strong></span> <span class='ocrx_word' id='word_1_130' title='bbox 962 1107 1104 1155; x_wconf 88' lang='lat' dir='ltr'><strong>utique</strong></span> <span class='ocrx_word' id='word_1_131' title='bbox 1144 1110 1265 1157; x_wconf 84' lang='lat' dir='ltr'><strong>paulo</strong></span> <span class='ocrx_word' id='word_1_132' title='bbox 1301 1118 1394 1147; x_wconf 79' lang='lat' dir='ltr'><strong>ante</strong></span> 
     </span>
     <span class='ocr_line' id='line_1_17' title="bbox 104 1159 1393 1210; baseline 0.003 -13"><span class='ocrx_word' id='word_1_133' title='bbox 104 1159 368 1205; x_wconf 74' lang='grc' dir='ltr'>α’πολεξοὲμενοςι</span> <span class='ocrx_word' id='word_1_134' title='bbox 401 1162 464 1198; x_wconf 93' lang='lat' dir='ltr'><strong>sed</strong></span> <span class='ocrx_word' id='word_1_135' title='bbox 498 1175 577 1198; x_wconf 90' lang='lat' dir='ltr'><strong>non</strong></span> <span class='ocrx_word' id='word_1_136' title='bbox 608 1166 664 1197; x_wconf 85' lang='lat' dir='ltr'><strong>est</strong></span> <span class='ocrx_word' id='word_1_137' title='bbox 693 1161 758 1196; x_wconf 91' lang='lat' dir='ltr'><strong>hic</strong></span> <span class='ocrx_word' id='word_1_138' title='bbox 786 1174 891 1197; x_wconf 89' lang='lat' dir='ltr'><strong>unus</strong></span> <span class='ocrx_word' id='word_1_139' title='bbox 920 1162 1029 1197; x_wconf 85' lang='lat' dir='ltr'><strong>locus</strong></span> <span class='ocrx_word' id='word_1_140' title='bbox 1055 1165 1160 1210; x_wconf 83' lang='lat' dir='ltr'><strong>apud</strong></span> <span class='ocrx_word' id='word_1_141' title='bbox 1181 1167 1393 1210; x_wconf 75' lang='lat' dir='ltr'><strong>Nostrum,</strong></span> 
     </span>
     <span class='ocr_line' id='line_1_18' title="bbox 105 1214 1393 1265; baseline 0.006 -16"><span class='ocrx_word' id='word_1_142' title='bbox 105 1214 176 1250; x_wconf 89' lang='lat' dir='ltr'><strong>ubi</strong></span> <span class='ocrx_word' id='word_1_143' title='bbox 206 1215 312 1252; x_wconf 91' lang='lat' dir='ltr'><strong>idem</strong></span> <span class='ocrx_word' id='word_1_144' title='bbox 340 1218 531 1262; x_wconf 83' lang='lat' dir='ltr'><strong>verbum,</strong></span> <span class='ocrx_word' id='word_1_145' title='bbox 562 1216 698 1265; x_wconf 81' lang='lat' dir='ltr'><strong>paucis</strong></span> <span class='ocrx_word' id='word_1_146' title='bbox 728 1216 947 1252; x_wconf 85' lang='lat' dir='ltr'><strong>interiectis</strong></span> <span class='ocrx_word' id='word_1_147' title='bbox 974 1218 1208 1264; x_wconf 83' lang='lat' dir='ltr'><strong>repetitum,</strong></span> <span class='ocrx_word' id='word_1_148' title='bbox 1240 1220 1393 1257; x_wconf 82' lang='lat' dir='ltr'><strong>diverso</strong></span> 
     </span>
     <span class='ocr_line' id='line_1_19' title="bbox 101 1269 1392 1320; baseline 0.005 -16"><span class='ocrx_word' id='word_1_149' title='bbox 101 1269 329 1319; x_wconf 88' lang='lat' dir='ltr'><strong>significatu</strong></span> <span class='ocrx_word' id='word_1_150' title='bbox 351 1272 532 1320; x_wconf 86' lang='lat' dir='ltr'><strong>ponitur.</strong></span> <span class='ocrx_word' id='word_1_151' title='bbox 579 1271 686 1320; x_wconf 85' lang='lat' dir='ltr'><strong>Quid</strong></span> <span class='ocrx_word' id='word_1_152' title='bbox 711 1278 844 1307; x_wconf 81' lang='lat' dir='ltr'><strong>autem</strong></span> <span class='ocrx_word' id='word_1_153' title='bbox 875 1273 1237 1318; x_wconf 80' lang='lat' dir='ltr'><strong>praetermittendis</strong></span> <span class='ocrx_word' id='word_1_154' title='bbox 1262 1275 1392 1311; x_wconf 78' lang='lat' dir='ltr'><strong>verbis</strong></span> 
     </span>
     <span class='ocr_line' id='line_1_20' title="bbox 103 1325 1392 1377; baseline 0.005 -17"><span class='ocrx_word' id='word_1_155' title='bbox 103 1325 315 1362; x_wconf 81' lang='lat' dir='ltr'><strong>&#39;nonnullis</strong></span> <span class='ocrx_word' id='word_1_156' title='bbox 332 1339 466 1363; x_wconf 87' lang='lat' dir='ltr'>ansam</span> <span class='ocrx_word' id='word_1_157' title='bbox 489 1327 530 1363; x_wconf 87' lang='lat' dir='ltr'><strong>h.</strong></span> <span class='ocrx_word' id='word_1_158' title='bbox 548 1327 575 1364; x_wconf 90' lang='grc'><strong>1.</strong></span> <span class='ocrx_word' id='word_1_159' title='bbox 600 1325 772 1370; x_wconf 83' lang='lat' dir='ltr'><strong>dederit,</strong></span> <span class='ocrx_word' id='word_1_160' title='bbox 788 1326 880 1362; x_wconf 87' lang='lat' dir='ltr'><strong>satis</strong></span> <span class='ocrx_word' id='word_1_161' title='bbox 899 1326 1073 1374; x_wconf 79' lang='lat' dir='ltr'><strong>adparet.</strong></span> <span class='ocrx_word' id='word_1_162' title='bbox 1096 1340 1238 1377; x_wconf 78' lang='lat' dir='ltr'><strong>nempe</strong></span> <span class='ocrx_word' id='word_1_163' title='bbox 1258 1332 1392 1367; x_wconf 67' lang='lat' dir='ltr'><strong>vocab.</strong></span> 
     </span>
     <span class='ocr_line' id='line_1_21' title="bbox 100 1378 1391 1431; baseline 0.003 -15"><span class='ocrx_word' id='word_1_164' title='bbox 100 1378 300 1427; x_wconf 57' lang='grc' dir='ltr'><strong>γράμματα</strong></span> <span class='ocrx_word' id='word_1_165' title='bbox 332 1383 545 1417; x_wconf 91' lang='lat' dir='ltr'><strong>nonnullis</strong></span> <span class='ocrx_word' id='word_1_166' title='bbox 574 1381 794 1417; x_wconf 84' lang='lat' dir='ltr'><strong>interiectis</strong></span> <span class='ocrx_word' id='word_1_167' title='bbox 824 1381 1063 1428; x_wconf 65' lang='lat' dir='ltr'><strong>repeti111m3</strong></span> <span class='ocrx_word' id='word_1_168' title='bbox 1102 1396 1182 1430; x_wconf 89' lang='lat' dir='ltr'><strong>quo</strong></span> <span class='ocrx_word' id='word_1_169' title='bbox 1213 1385 1362 1420; x_wconf 61' lang='lat' dir='ltr'><strong>fartum</strong></span> <span class='ocrx_word' id='word_1_170' title='bbox 1382 1413 1391 1431; x_wconf 81' lang='grc'>,</span> 
     </span>
     <span class='ocr_line' id='line_1_22' title="bbox 105 1436 1393 1484; baseline 0.005 -15"><span class='ocrx_word' id='word_1_171' title='bbox 105 1440 151 1469; x_wconf 72' lang='grc' dir='ltr'><strong>ἰη</strong></span> <span class='ocrx_word' id='word_1_172' title='bbox 178 1436 319 1472; x_wconf 87' lang='lat' dir='ltr'><strong>oculus</strong></span> <span class='ocrx_word' id='word_1_173' title='bbox 345 1436 508 1472; x_wconf 85' lang='lat' dir='ltr'><strong>librarii</strong></span> <span class='ocrx_word' id='word_1_174' title='bbox 528 1449 550 1472; x_wconf 85' lang='lat' dir='ltr'><strong>a</strong></span> <span class='ocrx_word' id='word_1_175' title='bbox 572 1436 698 1484; x_wconf 87' lang='lat' dir='ltr'><strong>priori</strong></span> <span class='ocrx_word' id='word_1_176' title='bbox 725 1436 924 1483; x_wconf 57' lang='grc' dir='ltr'><strong>γράμματα.</strong></span> <span class='ocrx_word' id='word_1_177' title='bbox 942 1436 989 1471; x_wconf 81' lang='lat' dir='ltr'><strong>ad</strong></span> <span class='ocrx_word' id='word_1_178' title='bbox 1016 1438 1208 1483; x_wconf 72' lang='lat' dir='ltr'><strong>posterius</strong></span> <span class='ocrx_word' id='word_1_179' title='bbox 1235 1440 1393 1475; x_wconf 80' lang='lat' dir='ltr'><strong>aberra-</strong></span> 
     </span>
     <span class='ocr_line' id='line_1_23' title="bbox 99 1488 288 1526; baseline 0.005 -1"><span class='ocrx_word' id='word_1_180' title='bbox 99 1488 215 1525; x_wconf 80' lang='lat' dir='ltr'><strong>verit.</strong></span> <span class='ocrx_word' id='word_1_181' title='bbox 243 1488 288 1526; x_wconf 85' lang='lat' dir='ltr'><strong>S.</strong></span> 
     </span>
    </p>

    <p class='ocr_par' dir='ltr' id='par_1_4' title="bbox 93 1540 1393 2515">
     <span class='ocr_line' id='line_1_24' title="bbox 159 1540 1393 1595; baseline 0.006 -17"><span class='ocrx_word' id='word_1_182' title='bbox 159 1556 178 1578; x_wconf 85' lang='lat'>2</span> <span class='ocrx_word' id='word_1_183' title='bbox 201 1558 298 1594; x_wconf 75' lang='lat' dir='ltr'><strong>seqq.</strong></span> <span class='ocrx_word' id='word_1_184' title='bbox 329 1546 577 1588; x_wconf 71' lang='grc' dir='ltr'><em>Θεμιττοκλέκς</em></span> <span class='ocrx_word' id='word_1_185' title='bbox 610 1542 770 1592; x_wconf 66' lang='grc' dir='ltr'>ἐπορεύετο</span> <span class='ocrx_word' id='word_1_186' title='bbox 794 1540 893 1593; x_wconf 64' lang='grc' dir='ltr'><strong>θέε.)</strong></span> <span class='ocrx_word' id='word_1_187' title='bbox 940 1546 1145 1582; x_wconf 80' lang='lat' dir='ltr'><strong>Callidum</strong></span> <span class='ocrx_word' id='word_1_188' title='bbox 1185 1548 1393 1595; x_wconf 85' lang='lat' dir='ltr'><strong>prudentis</strong></span> 
     </span>
     <span class='ocr_line' id='line_1_25' title="bbox 104 1598 1393 1651; baseline 0.005 -17"><span class='ocrx_word' id='word_1_189' title='bbox 104 1598 357 1646; x_wconf 85' lang='lat' dir='ltr'><strong>Imperatoris</strong></span> <span class='ocrx_word' id='word_1_190' title='bbox 383 1600 534 1635; x_wconf 84' lang='lat' dir='ltr'><strong>factum</strong></span> <span class='ocrx_word' id='word_1_191' title='bbox 562 1606 785 1635; x_wconf 86' lang='lat' dir='ltr'><strong>memorant</strong></span> <span class='ocrx_word' id='word_1_192' title='bbox 807 1601 996 1637; x_wconf 80' lang='lat' dir='ltr'><strong>Plutarch.</strong></span> <span class='ocrx_word' id='word_1_193' title='bbox 1019 1601 1061 1636; x_wconf 87' lang='lat' dir='ltr'><strong>in</strong></span> <span class='ocrx_word' id='word_1_194' title='bbox 1084 1602 1218 1639; x_wconf 81' lang='lat' dir='ltr'><strong>Them.</strong></span> <span class='ocrx_word' id='word_1_195' title='bbox 1243 1617 1281 1651; x_wconf 91' lang='lat' dir='ltr'><strong>p.</strong></span> <span class='ocrx_word' id='word_1_196' title='bbox 1305 1605 1393 1641; x_wconf 83' lang='grc'><strong>116.</strong></span> 
     </span>
     <span class='ocr_line' id='line_1_26' title="bbox 104 1654 1392 1705; baseline 0.005 -16"><span class='ocrx_word' id='word_1_197' title='bbox 104 1665 137 1689; x_wconf 75' lang='grc' dir='ltr'><strong>Β.</strong></span> <span class='ocrx_word' id='word_1_198' title='bbox 163 1654 339 1705; x_wconf 70' lang='grc' dir='ltr'><strong>Ροζγαεη.</strong></span> <span class='ocrx_word' id='word_1_199' title='bbox 366 1656 392 1693; x_wconf 90' lang='grc' dir='ltr'><strong>Ι.</strong></span> <span class='ocrx_word' id='word_1_200' title='bbox 420 1654 489 1695; x_wconf 78' lang='grc'><strong>50,</strong></span> <span class='ocrx_word' id='word_1_201' title='bbox 517 1655 551 1691; x_wconf 81' lang='lat'><strong>6.</strong></span> <span class='ocrx_word' id='word_1_202' title='bbox 580 1654 752 1701; x_wconf 87' lang='lat' dir='ltr'><strong>aliique:</strong></span> <span class='ocrx_word' id='word_1_203' title='bbox 791 1655 990 1703; x_wconf 72' lang='lat' dir='ltr'><strong>eleganter</strong></span> <span class='ocrx_word' id='word_1_204' title='bbox 1008 1658 1165 1693; x_wconf 81' lang='lat' dir='ltr'><strong>Aristid.</strong></span> <span class='ocrx_word' id='word_1_205' title='bbox 1193 1660 1219 1694; x_wconf 87' lang='grc' dir='ltr'><strong>Ι.</strong></span> <span class='ocrx_word' id='word_1_206' title='bbox 1244 1671 1282 1705; x_wconf 84' lang='lat' dir='ltr'><strong>p.</strong></span> <span class='ocrx_word' id='word_1_207' title='bbox 1301 1659 1392 1703; x_wconf 73' lang='lat'><strong>314.</strong></span> 
     </span>
     <span class='ocr_line' id='line_1_27' title="bbox 102 1707 1393 1761; baseline 0.005 -19"><span class='ocrx_word' id='word_1_208' title='bbox 102 1707 174 1743; x_wconf 84' lang='lat' dir='ltr'><strong>ubi</strong></span> <span class='ocrx_word' id='word_1_209' title='bbox 198 1709 365 1745; x_wconf 87' lang='lat' dir='ltr'><strong>meliora</strong></span> <span class='ocrx_word' id='word_1_210' title='bbox 384 1709 538 1746; x_wconf 90' lang='lat' dir='ltr'><strong>suntin</strong></span> <span class='ocrx_word' id='word_1_211' title='bbox 556 1709 724 1746; x_wconf 89' lang='lat' dir='ltr'><strong>Scholiis</strong></span> <span class='ocrx_word' id='word_1_212' title='bbox 741 1709 899 1757; x_wconf 82' lang='lat' dir='ltr'><strong>scriptis</strong></span> <span class='ocrx_word' id='word_1_213' title='bbox 919 1722 1040 1757; x_wconf 85' lang='lat' dir='ltr'><strong>quam</strong></span> <span class='ocrx_word' id='word_1_214' title='bbox 1063 1711 1103 1746; x_wconf 85' lang='lat' dir='ltr'><strong>in</strong></span> <span class='ocrx_word' id='word_1_215' title='bbox 1123 1712 1217 1748; x_wconf 86' lang='lat' dir='ltr'><strong>Edd.</strong></span> <span class='ocrx_word' id='word_1_216' title='bbox 1252 1714 1393 1761; x_wconf 78' lang='lat' dir='ltr'><strong>Sophi-</strong></span> 
     </span>
     <span class='ocr_line' id='line_1_28' title="bbox 98 1761 1392 1812; baseline 0.005 -14"><span class='ocrx_word' id='word_1_217' title='bbox 98 1761 197 1799; x_wconf 81' lang='lat' dir='ltr'><strong>stica</strong></span> <span class='ocrx_word' id='word_1_218' title='bbox 224 1764 327 1800; x_wconf 92' lang='lat' dir='ltr'><strong>mihi</strong></span> <span class='ocrx_word' id='word_1_219' title='bbox 350 1764 541 1801; x_wconf 85' lang='lat' dir='ltr'><strong>videntur</strong></span> <span class='ocrx_word' id='word_1_220' title='bbox 559 1770 678 1810; x_wconf 83' lang='lat' dir='ltr'><strong>atque</strong></span> <span class='ocrx_word' id='word_1_221' title='bbox 704 1764 895 1808; x_wconf 71' lang='lat' dir='ltr'><strong>absurda,</strong></span> <span class='ocrx_word' id='word_1_222' title='bbox 923 1777 1025 1812; x_wconf 86' lang='lat' dir='ltr'><strong>quae</strong></span> <span class='ocrx_word' id='word_1_223' title='bbox 1044 1767 1297 1804; x_wconf 77' lang='lat' dir='ltr'><strong>Themistocli</strong></span> <span class='ocrx_word' id='word_1_224' title='bbox 1321 1769 1392 1804; x_wconf 89' lang='lat' dir='ltr'><strong>tri-</strong></span> 
     </span>
     <span class='ocr_line' id='line_1_29' title="bbox 99 1817 1391 1869; baseline 0.005 -17"><span class='ocrx_word' id='word_1_225' title='bbox 99 1817 194 1854; x_wconf 79' lang='lat' dir='ltr'><strong>huit</strong></span> <span class='ocrx_word' id='word_1_226' title='bbox 216 1831 262 1855; x_wconf 86' lang='lat' dir='ltr'><strong>ex</strong></span> <span class='ocrx_word' id='word_1_227' title='bbox 290 1820 412 1869; x_wconf 85' lang='lat' dir='ltr'><strong>Trogo</strong></span> <span class='ocrx_word' id='word_1_228' title='bbox 430 1820 586 1856; x_wconf 82' lang='lat' dir='ltr'><strong>Iustinus</strong></span> <span class='ocrx_word' id='word_1_229' title='bbox 608 1821 653 1855; x_wconf 89' lang='lat' dir='ltr'><strong>Il.</strong></span> <span class='ocrx_word' id='word_1_230' title='bbox 674 1831 706 1855; x_wconf 91' lang='lat' dir='ltr'><strong>c.</strong></span> <span class='ocrx_word' id='word_1_231' title='bbox 731 1831 789 1856; x_wconf 83' lang='lat'><strong>12.</strong></span> <span class='ocrx_word' id='word_1_232' title='bbox 808 1835 814 1860; x_wconf 73' lang='grc' dir='ltr'><strong>ς</strong></span> <span class='ocrx_word' id='word_1_233' title='bbox 850 1830 981 1867; x_wconf 88' lang='lat' dir='ltr'><strong>neque</strong></span> <span class='ocrx_word' id='word_1_234' title='bbox 999 1821 1106 1856; x_wconf 86' lang='lat' dir='ltr'><strong>enim</strong></span> <span class='ocrx_word' id='word_1_235' title='bbox 1123 1850 1132 1866; x_wconf 86' lang='lat'><em>‚</em></span> <span class='ocrx_word' id='word_1_236' title='bbox 1156 1829 1200 1858; x_wconf 77' lang='lat' dir='ltr'><strong>ut</strong></span> <span class='ocrx_word' id='word_1_237' title='bbox 1219 1824 1391 1860; x_wconf 79' lang='lat' dir='ltr'><strong>credidit</strong></span> 
     </span>
     <span class='ocr_line' id='line_1_30' title="bbox 103 1873 1389 1924; baseline 0.004 -15"><span class='ocrx_word' id='word_1_238' title='bbox 103 1873 252 1910; x_wconf 80' lang='lat' dir='ltr'><strong>Orosius</strong></span> <span class='ocrx_word' id='word_1_239' title='bbox 272 1875 319 1911; x_wconf 86' lang='grc' dir='ltr'><strong>ΙΙ.</strong></span> <span class='ocrx_word' id='word_1_240' title='bbox 339 1886 370 1910; x_wconf 90' lang='lat' dir='ltr'><strong>c.</strong></span> <span class='ocrx_word' id='word_1_241' title='bbox 394 1888 477 1920; x_wconf 67' lang='grc'><strong>10..</strong></span> <span class='ocrx_word' id='word_1_242' title='bbox 504 1881 593 1924; x_wconf 82' lang='lat' dir='ltr'><strong>apta</strong></span> <span class='ocrx_word' id='word_1_243' title='bbox 614 1873 751 1909; x_wconf 77' lang='lat' dir='ltr'><strong>fuisset</strong></span> <span class='ocrx_word' id='word_1_244' title='bbox 773 1876 994 1923; x_wconf 72' lang='lat' dir='ltr'><strong>increpati05</strong></span> <span class='ocrx_word' id='word_1_245' title='bbox 1018 1876 1078 1911; x_wconf 90' lang='lat' dir='ltr'><strong>sed</strong></span> <span class='ocrx_word' id='word_1_246' title='bbox 1108 1876 1151 1911; x_wconf 90' lang='lat' dir='ltr'><strong>in</strong></span> <span class='ocrx_word' id='word_1_247' title='bbox 1177 1877 1302 1914; x_wconf 84' lang='lat' dir='ltr'><strong>isthoc</strong></span> <span class='ocrx_word' id='word_1_248' title='bbox 1331 1890 1389 1914; x_wconf 88' lang='lat' dir='ltr'><strong>re-</strong></span> 
     </span>
     <span class='ocr_line' id='line_1_31' title="bbox 99 1928 1390 1981; baseline 0.004 -17"><span class='ocrx_word' id='word_1_249' title='bbox 99 1928 193 1964; x_wconf 74' lang='lat' dir='ltr'><strong>&#39;rum</strong></span> <span class='ocrx_word' id='word_1_250' title='bbox 220 1929 456 1965; x_wconf 85' lang='lat' dir='ltr'><strong>discrimine</strong></span> <span class='ocrx_word' id='word_1_251' title='bbox 480 1941 639 1977; x_wconf 82' lang='lat' dir='ltr'><strong>prorsus</strong></span> <span class='ocrx_word' id='word_1_252' title='bbox 659 1928 906 1976; x_wconf 75' lang='lat' dir='ltr'><strong>importuna.</strong></span> <span class='ocrx_word' id='word_1_253' title='bbox 946 1931 1113 1966; x_wconf 82' lang='lat' dir='ltr'><strong>Mendax</strong></span> <span class='ocrx_word' id='word_1_254' title='bbox 1138 1935 1300 1981; x_wconf 77' lang='lat' dir='ltr'><strong>Scriptor</strong></span> <span class='ocrx_word' id='word_1_255' title='bbox 1318 1935 1390 1969; x_wconf 73' lang='lat' dir='ltr'><strong>Pa-</strong></span> 
     </span>
     <span class='ocr_line' id='line_1_32' title="bbox 101 1984 1389 2037; baseline 0.005 -20"><span class='ocrx_word' id='word_1_256' title='bbox 101 1985 306 2020; x_wconf 85' lang='lat' dir='ltr'><strong>rallelorum</strong></span> <span class='ocrx_word' id='word_1_257' title='bbox 335 1984 378 2020; x_wconf 89' lang='lat' dir='ltr'><strong>in</strong></span> <span class='ocrx_word' id='word_1_258' title='bbox 410 1985 506 2021; x_wconf 76' lang='lat' dir='ltr'><strong>Plut.</strong></span> <span class='ocrx_word' id='word_1_259' title='bbox 532 1987 575 2020; x_wconf 89' lang='lat' dir='ltr'><strong>T.</strong></span> <span class='ocrx_word' id='word_1_260' title='bbox 604 1984 652 2019; x_wconf 90' lang='lat' dir='ltr'><strong>Il.</strong></span> <span class='ocrx_word' id='word_1_261' title='bbox 685 1997 722 2031; x_wconf 91' lang='lat' dir='ltr'><strong>p.</strong></span> <span class='ocrx_word' id='word_1_262' title='bbox 751 1984 840 2020; x_wconf 76' lang='grc'><strong>505.</strong></span> <span class='ocrx_word' id='word_1_263' title='bbox 865 1999 900 2020; x_wconf 86' lang='grc'><strong>1).</strong></span> <span class='ocrx_word' id='word_1_264' title='bbox 930 1984 1093 2021; x_wconf 85' lang='lat' dir='ltr'><strong>fratrem</strong></span> <span class='ocrx_word' id='word_1_265' title='bbox 1124 1987 1237 2023; x_wconf 90' lang='lat' dir='ltr'><strong>nobis</strong></span> <span class='ocrx_word' id='word_1_266' title='bbox 1272 1988 1389 2037; x_wconf 82' lang='lat' dir='ltr'><strong>fingit</strong></span> 
     </span>
     <span class='ocr_line' id='line_1_33' title="bbox 100 2037 1389 2089; baseline 0.005 -17"><span class='ocrx_word' id='word_1_267' title='bbox 100 2037 372 2076; x_wconf 86' lang='lat' dir='ltr'><strong>Themistoclis</strong></span> <span class='ocrx_word' id='word_1_268' title='bbox 386 2039 616 2089; x_wconf 87' lang='lat' dir='ltr'><strong>Agesilaum</strong></span> <span class='ocrx_word' id='word_1_269' title='bbox 632 2065 641 2083; x_wconf 81' lang='lat'><strong><em>,</em></strong></span> <span class='ocrx_word' id='word_1_270' title='bbox 662 2050 780 2085; x_wconf 86' lang='lat' dir='ltr'><strong>quem</strong></span> <span class='ocrx_word' id='word_1_271' title='bbox 801 2038 846 2073; x_wconf 79' lang='lat' dir='ltr'><strong>ad</strong></span> <span class='ocrx_word' id='word_1_272' title='bbox 865 2040 1131 2077; x_wconf 81' lang='lat' dir='ltr'><strong>Artemisium</strong></span> <span class='ocrx_word' id='word_1_273' title='bbox 1155 2043 1290 2079; x_wconf 82' lang='lat' dir='ltr'><strong>Graeci</strong></span> <span class='ocrx_word' id='word_1_274' title='bbox 1312 2043 1389 2079; x_wconf 87' lang='lat' dir='ltr'><strong>mi-</strong></span> 
     </span>
     <span class='ocr_line' id='line_1_34' title="bbox 101 2093 1388 2141; baseline 0.003 -13"><span class='ocrx_word' id='word_1_275' title='bbox 101 2093 226 2129; x_wconf 83' lang='lat' dir='ltr'><strong>serint</strong></span> <span class='ocrx_word' id='word_1_276' title='bbox 255 2095 563 2141; x_wconf 85' lang='lat' dir='ltr'><strong>speculatorem:</strong></span> <span class='ocrx_word' id='word_1_277' title='bbox 596 2093 729 2129; x_wconf 82' lang='lat' dir='ltr'><strong>eadem</strong></span> <span class='ocrx_word' id='word_1_278' title='bbox 763 2105 885 2140; x_wconf 81' lang='lat' dir='ltr'><strong>paene</strong></span> <span class='ocrx_word' id='word_1_279' title='bbox 915 2096 1073 2141; x_wconf 79' lang='lat' dir='ltr'><strong>praebet</strong></span> <span class='ocrx_word' id='word_1_280' title='bbox 1100 2096 1219 2133; x_wconf 86' lang='lat' dir='ltr'><strong>illinc</strong></span> <span class='ocrx_word' id='word_1_281' title='bbox 1243 2098 1388 2134; x_wconf 84' lang='lat' dir='ltr'><strong>descri-</strong></span> 
     </span>
     <span class='ocr_line' id='line_1_35' title="bbox 102 2148 1386 2198; baseline 0.005 -16"><span class='ocrx_word' id='word_1_282' title='bbox 102 2152 168 2194; x_wconf 81' lang='lat' dir='ltr'><strong>pta</strong></span> <span class='ocrx_word' id='word_1_283' title='bbox 188 2148 355 2186; x_wconf 76' lang='lat' dir='ltr'><strong>stobaeus</strong></span> <span class='ocrx_word' id='word_1_284' title='bbox 377 2150 525 2186; x_wconf 80' lang='lat' dir='ltr'><strong>Gesneri</strong></span> <span class='ocrx_word' id='word_1_285' title='bbox 546 2162 584 2197; x_wconf 89' lang='lat' dir='ltr'><strong>p.</strong></span> <span class='ocrx_word' id='word_1_286' title='bbox 602 2161 666 2198; x_wconf 79' lang='lat'><strong>9¹·</strong></span> <span class='ocrx_word' id='word_1_287' title='bbox 698 2148 857 2184; x_wconf 83' lang='lat' dir='ltr'><strong>Nollem</strong></span> <span class='ocrx_word' id='word_1_288' title='bbox 883 2149 988 2185; x_wconf 81' lang='lat' dir='ltr'><strong>viros</strong></span> <span class='ocrx_word' id='word_1_289' title='bbox 1008 2151 1297 2188; x_wconf 88' lang='lat' dir='ltr'><strong>eruditissimos</strong></span> <span class='ocrx_word' id='word_1_290' title='bbox 1325 2154 1386 2189; x_wconf 91' lang='lat' dir='ltr'><strong>his</strong></span> 
     </span>
     <span class='ocr_line' id='line_1_36' title="bbox 100 2202 1388 2243; baseline 0.005 -6"><span class='ocrx_word' id='word_1_291' title='bbox 100 2202 316 2239; x_wconf 85' lang='lat' dir='ltr'><strong>mendaciis</strong></span> <span class='ocrx_word' id='word_1_292' title='bbox 345 2205 477 2240; x_wconf 87' lang='lat' dir='ltr'><strong>locum</strong></span> <span class='ocrx_word' id='word_1_293' title='bbox 507 2204 550 2239; x_wconf 90' lang='lat' dir='ltr'><strong>in</strong></span> <span class='ocrx_word' id='word_1_294' title='bbox 576 2202 739 2238; x_wconf 82' lang='lat' dir='ltr'><strong>historia</strong></span> <span class='ocrx_word' id='word_1_295' title='bbox 768 2202 917 2239; x_wconf 85' lang='lat' dir='ltr'><strong>dedisse</strong></span> <span class='ocrx_word' id='word_1_296' title='bbox 947 2205 1083 2241; x_wconf 83' lang='lat' dir='ltr'><strong>veteri.</strong></span> <span class='ocrx_word' id='word_1_297' title='bbox 1123 2208 1173 2242; x_wconf 87' lang='lat' dir='ltr'><strong>Ut</strong></span> <span class='ocrx_word' id='word_1_298' title='bbox 1206 2207 1271 2242; x_wconf 86' lang='lat' dir='ltr'><strong>illi</strong></span> <span class='ocrx_word' id='word_1_299' title='bbox 1307 2209 1388 2243; x_wconf 81' lang='lat' dir='ltr'><strong>fra-</strong></span> 
     </span>
     <span class='ocr_line' id='line_1_37' title="bbox 100 2258 1384 2308; baseline 0.004 -15"><span class='ocrx_word' id='word_1_300' title='bbox 100 2262 226 2302; x_wconf 80' lang='lat' dir='ltr'><strong>trem,</strong></span> <span class='ocrx_word' id='word_1_301' title='bbox 256 2258 485 2307; x_wconf 84' lang='lat' dir='ltr'><strong>Agesilaum</strong></span> <span class='ocrx_word' id='word_1_302' title='bbox 521 2269 682 2308; x_wconf 86' lang='lat' dir='ltr'><strong>quoque</strong></span> <span class='ocrx_word' id='word_1_303' title='bbox 716 2264 869 2305; x_wconf 86' lang='lat' dir='ltr'><strong>patrem</strong></span> <span class='ocrx_word' id='word_1_304' title='bbox 899 2258 966 2294; x_wconf 80' lang='lat' dir='ltr'><strong>dat</strong></span> <span class='ocrx_word' id='word_1_305' title='bbox 999 2261 1233 2307; x_wconf 74' lang='lat' dir='ltr'><strong>Pausaniae.</strong></span> <span class='ocrx_word' id='word_1_306' title='bbox 1261 2263 1384 2299; x_wconf 86' lang='lat' dir='ltr'><strong>huius</strong></span> 
     </span>
     <span class='ocr_line' id='line_1_38' title="bbox 100 2313 1385 2365; baseline 0.005 -18"><span class='ocrx_word' id='word_1_307' title='bbox 100 2324 265 2348; x_wconf 86' lang='lat' dir='ltr'><strong>narrans</strong></span> <span class='ocrx_word' id='word_1_308' title='bbox 286 2313 551 2360; x_wconf 85' lang='lat' dir='ltr'><strong>proditionem</strong></span> <span class='ocrx_word' id='word_1_309' title='bbox 588 2326 624 2360; x_wconf 92' lang='lat' dir='ltr'><strong>p.</strong></span> <span class='ocrx_word' id='word_1_310' title='bbox 651 2313 742 2348; x_wconf 80' lang='lat'><strong>308.</strong></span> <span class='ocrx_word' id='word_1_311' title='bbox 765 2327 796 2350; x_wconf 81' lang='lat' dir='ltr'><strong>B.</strong></span> <span class='ocrx_word' id='word_1_312' title='bbox 827 2313 968 2349; x_wconf 77' lang='lat' dir='ltr'><strong>Stobaei</strong></span> <span class='ocrx_word' id='word_1_313' title='bbox 993 2327 1030 2362; x_wconf 87' lang='lat' dir='ltr'><strong>p.</strong></span> <span class='ocrx_word' id='word_1_314' title='bbox 1054 2318 1144 2353; x_wconf 74' lang='lat'><strong>228.</strong></span> <span class='ocrx_word' id='word_1_315' title='bbox 1163 2316 1257 2353; x_wconf 82' lang='lat' dir='ltr'><strong>adeo</strong></span> <span class='ocrx_word' id='word_1_316' title='bbox 1286 2330 1385 2365; x_wconf 88' lang='lat' dir='ltr'><strong>puer</strong></span> 
     </span>
     <span class='ocr_line' id='line_1_39' title="bbox 97 2366 1383 2420; baseline 0.005 -18"><span class='ocrx_word' id='word_1_317' title='bbox 97 2366 142 2403; x_wconf 89' lang='lat' dir='ltr'><strong>in</strong></span> <span class='ocrx_word' id='word_1_318' title='bbox 165 2366 329 2403; x_wconf 84' lang='lat' dir='ltr'><strong>historia</strong></span> <span class='ocrx_word' id='word_1_319' title='bbox 346 2394 356 2412; x_wconf 81' lang='lat'>‚</span> <span class='ocrx_word' id='word_1_320' title='bbox 387 2375 432 2404; x_wconf 90' lang='lat' dir='ltr'><strong>ut</strong></span> <span class='ocrx_word' id='word_1_321' title='bbox 451 2381 500 2404; x_wconf 91' lang='lat' dir='ltr'><strong>ne</strong></span> <span class='ocrx_word' id='word_1_322' title='bbox 520 2368 755 2418; x_wconf 81' lang='lat' dir='ltr'><strong>Thucydiden</strong></span> <span class='ocrx_word' id='word_1_323' title='bbox 775 2367 937 2415; x_wconf 72' lang='lat' dir='ltr'><strong>quidem</strong></span> <span class='ocrx_word' id='word_1_324' title='bbox 968 2369 1129 2418; x_wconf 83' lang='lat' dir='ltr'><strong>legerit,</strong></span> <span class='ocrx_word' id='word_1_325' title='bbox 1163 2372 1282 2418; x_wconf 68' lang='lat' dir='ltr'><strong>citat,</strong></span> <span class='ocrx_word' id='word_1_326' title='bbox 1309 2372 1383 2420; x_wconf 84' lang='lat' dir='ltr'><strong>qui</strong></span> 
     </span>
     <span class='ocr_line' id='line_1_40' title="bbox 97 2419 1386 2475; baseline 0.004 -17"><span class='ocrx_word' id='word_1_327' title='bbox 97 2434 297 2470; x_wconf 86' lang='lat' dir='ltr'><strong>nusquam</strong></span> <span class='ocrx_word' id='word_1_328' title='bbox 324 2423 479 2468; x_wconf 79' lang='lat' dir='ltr'><strong>extitit,</strong></span> <span class='ocrx_word' id='word_1_329' title='bbox 509 2424 763 2473; x_wconf 63' lang='lat' dir='ltr'><strong>Chrysermum</strong></span> <span class='ocrx_word' id='word_1_330' title='bbox 788 2423 816 2459; x_wconf 77' lang='grc' dir='ltr'><strong>ἐν</strong></span> <span class='ocrx_word' id='word_1_331' title='bbox 843 2419 970 2471; x_wconf 58' lang='grc' dir='ltr'><strong>δευτέρῳ</strong></span> <span class='ocrx_word' id='word_1_332' title='bbox 1000 2426 1164 2473; x_wconf 67' lang='grc' dir='ltr'><strong>ἴστορικῶν</strong></span> <span class='ocrx_word' id='word_1_333' title='bbox 1187 2427 1249 2464; x_wconf 89' lang='lat' dir='ltr'><strong>vel</strong></span> <span class='ocrx_word' id='word_1_334' title='bbox 1268 2434 1386 2475; x_wconf 63' lang='grc' dir='ltr'><em>Πεξσι-</em></span> 
     </span>
     <span class='ocr_line' id='line_1_41' title="bbox 93 2477 420 2515; baseline -0.003 0"><span class='ocrx_word' id='word_1_335' title='bbox 93 2477 173 2515; x_wconf 58' lang='lat' dir='ltr'><strong>aar.</strong></span> <span class='ocrx_word' id='word_1_336' title='bbox 202 2479 420 2515; x_wconf 80' lang='lat' dir='ltr'><strong>VALCK.</strong></span> 
     </span>
    </p>
   </div>
  </div>
 </body>
</html>
