1718 2919
302 240 326 278 4
571 224 1325 264 ADNOTATIONES

302 334 479 384 quidem
507 343 551 368 ea
576 344 641 377 re,
664 343 766 381 quae
785 331 980 368 continuo
1007 331 1152 369 deinde
1177 331 1416 381 exponitur,
1441 329 1604 380 (nempe

300 389 442 439 legatis
465 387 514 424 ad
547 390 787 425 Graecorum
818 387 1038 423 concilium
1066 387 1217 433 missis,
1242 400 1332 424 cum
1359 387 1414 423 eis
1438 387 1604 423 manda-

302 445 352 481 tis
374 455 477 493 quae
502 455 595 478 mox
620 440 1012 490 commemorantur)
1041 445 1132 480 satis
1167 450 1201 479 et
1225 445 1410 492 perspicue
1440 443 1604 480 ostende·

300 506 388 536 runt
406 514 415 534 .·
452 501 565 543 satis,
599 497 769 546 inquam
806 504 840 534 et
866 500 1073 547 perspicue;
1110 511 1203 534 nam
1238 497 1600 546 composito'verbo

301 551 447 598 ὃιοιὲέξαι
474 553 614 602 paullo
650 553 781 589 maior
813 553 1008 601 quaedam
1035 554 1120 599 vis,
1148 566 1270 601 quam
1305 551 1508 601 simplici,
1537 552 1602 588 in-

300 621 379 646 esse
406 608 580 645 videtur.
632 609 877 644 ostenderunt
904 615 1040 644 autem
1076 620 1118 644 ea
1147 608 1327 653 ratione,
1360 621 1433 644 non
1454 610 1602 656 placere

299 665 367 702 sibi
395 664 643 701 Aleuadarum
674 665 855 712 artfficia,
884 660 959 713 (de
986 663 1137 711 quibus
1162 663 1253 700 vide
1272 675 1392 712 supra
1408 689 1419 707 ‚
1442 675 1474 699 c.
1495 662 1531 698 (3.
1560 668 1602 699 et

300 732 384 767 cap.
405 717 523 767 130.)
552 732 660 767 neque
682 733 718 755 se
731 725 856 767 partes
875 721 1102 767 amplexuros
1125 733 1200 755 esse
1218 720 1428 763 Persarum,
1450 719 1519 754 nisi
1540 731 1601 754 ne-

301 771 622 820 cessitatefuerint
638 776 768 810 coacti.
798 773 903 810 cons.
923 786 953 810 c.
980 781 1067 819 ¹74·
1095 772 1139 812 S.

353 826 409 880 [5.
440 830 468 867 ἐν
489 827 518 866 δὲ
539 829 588 876 τῷ
608 827 735 877 Ἰσθμῷ
754 826 852 879 etc.)
890 827 1006 865 Conf.
1034 842 1066 865 c.
1093 828 1182 873 145.
1209 825 1281 879 8.]

360 897 423 920 11.
455 883 482 921 ἐν
512 885 616 931 σκέπῃ
636 884 697 920 τοῦ
717 880 897 934 πολέμευ)
925 883 1030 921 Male
1048 884 1268 920 absentiam
1292 881 1597 932 praepositionis

300 938 344 975 in
371 938 466 976 Cod.
485 938 600 975 Arch.
621 937 803 975 laudavit
831 939 902 975 Th.
925 939 1071 976 Galeas.
1104 939 1268 975 Redibit
1296 952 1328 976 c.
1348 939 1440 975 215.
1461 936 1541 975 ἕσαν
1567 937 1596 975 ἐν

299 995 405 1042 σκέπῃ
425 995 484 1031 τεῦ
503 993 664 1035 πολέμου.
695 994 784 1041 Quo
804 993 851 1029 de
867 1005 1008 1043 genere
1025 995 1143 1043 plura
1162 995 1234 1030 lib.
1254 996 1282 1031 Ι.
1301 1008 1312 1030 1
1325 993 1389 1038 45.
1411 992 1596 1031 WESS.

363 1062 422 1096 17.
456 1046 602 1091 οὖδεμίκν
629 1046 713 1085 οἷοί
739 1046 783 1086 τέ
809 1050 904 1086 ἐστε
927 1047 1142 1100 προσφέρειν)
1171 1051 1250 1087 Nec
1274 1049 1469 1093 debetis,
1488 1061 1598 1097 neque

299 1117 483 1153 aequum
508 1105 594 1142 erin
620 1104 784 1151 qualem
809 1103 998 1139 dictionis
1023 1118 1141 1141 usum
1170 1104 1446 1153 explicuimus
1465 1108 1505 1139 et
1531 1114 1597 1138 ex-

299 1159 495 1195 cussimus
512 1165 642 1194 antea.
673 1158 860 1196 Nimium
882 1171 975 1194 sane
997 1166 1036 1196 et
1060 1162 1142 1196 solo
1159 1173 1180 1196 e
1200 1160 1304 1197 docti
1322 1159 1402 1197 viri
1423 1157 1596 1194 arbitrio

301 1213 475 1262 pendens
490 1241 500 1258 ,
527 1213 631 1253 ocia-inv
651 1213 729 1254 ἡμῖν
746 1211 893 1254 mmmm
911 1211 1031 1251 δίκαιοί
1044 1216 1113 1252 ἐστε
1127 1216 1290 1264 maxiem
1303 1241 1314 1259 ‚
1339 1217 1474 1251 nullam
1494 1213 1599 1250 nobis

299 1272 439 1318 culpam
464 1269 642 1305 obiectare
669 1270 744 1305 iure
769 1271 951 1318 poteritis.
993 1268 1195 1313 Ἀναγκκίκν
1227 1269 1433 1319 sequentia
1461 1268 1599 1305 desen-

299 1324 423 1361 dunt:
445 1330 581 1372 estque
599 1335 712 1371 saepe
732 1324 987 1360 verissimum
1001 1351 1011 1369 ‚
1039 1328 1190 1373 Κρεῒσσον
1207 1324 1292 1363 οὐδὲν
1317 1323 1473 1366 α’ννὶγκκς
1486 1349 1496 1367 ,
1527 1325 1599 1360 Eu-

299 1381 407 1429 ripid.
421 1380 567 1416 Alcest.
585 1392 639 1415 vs.
655 1379 747 1429 965.
766 1380 940 1418 WESS.
963 1400 1013 1405 —
1044 1380 1246 1417 Similiter
1268 1381 1489 1417 Reiskius:
1519 1381 1599 1416 nul-

300 1438 372 1471 lum
394 1434 491 1471 vobis
516 1436 640 1470 estius
661 1441 695 1470 et
712 1431 780 1481 fas
804 1448 869 1471 nos
887 1437 997 1471 armis
1017 1437 1181 1485 cogendi.
1223 1435 1344 1480 Satis,
1373 1440 1488 1483 puto,
1513 1433 1599 1469 sue·

300 1497 381 1535 rat,
402 1504 476 1526 non
489 1492 643 1538 potestis
666 1490 766 1526 nobis
787 1493 1031 1526 necessitatem
1050 1493 1246 1540 imponere,
1263 1491 1349 1527 scil.
1368 1496 1413 1526 ut
1435 1502 1504 1525 nos
1521 1488 1598 1525 soii

300 1546 508 1582 Persarum
531 1544 726 1581 exercitui
756 1557 824 1580 1105
850 1558 1113 1593 opponamus.
1141 1546 1185 1584 S.

411 1598 556 1640 CAP.
583 1597 858 1639 CLXXIII.
897 1601 932 1638 5.
961 1602 1020 1644 τῆς
1037 1600 1192 1646 'Azoni-ng
1210 1602 1238 1645 ἔς
1255 1600 1298 1639 ’Ἃ
1312 1611 1357 1638 λο
1371 1597 1408 1648 ν)
1440 1602 1596 1637 Nomen

301 1655 414 1691 urbis
454 1655 571 1692 litera
608 1655 800 1692 liberavit
834 1655 1034 1704 superflua
1074 1657 1232 1693 Gronov.
1289 1654 1406 1692 Urbis
1447 1655 1598 1692 incolas

300 1709 417 1753 Ἀλέας
433 1710 539 1747 dixit
564 1712 815 1748 Demosthenes
830 1741 839 1756 ‚
859 1723 969 1747 more
989 1711 1106 1748 istius
1127 1712 1212 1748 aevi
1235 1710 1499 1759 scriptoribus
1518 1710 1600 1746 usi-

302 1771 404 1801 tato:
434 1765 490 1802 sic
515 1766 612 1815 legit
636 1768 819 1816 Harpocr.
851 1766 920 1803 ubi
949 1767 1094 1803 nostris
1122 1767 1165 1802 111
1186 1767 1280 1804 Edd.
1302 1766 1488 1803 Demosth.
1507 1765 1599 1801 vul-

300 1828 440 1869 gatur:
472 1818 684 1858 διαλλάττειν
701 1820 776 1864 τούς
796 1820 903 1864 Ἁλεῖς
920 1820 1001 1869 πςδς
1018 1820 1092 1865 τούς
1103 1825 1329 1869 &mcxliv-og,
1355 1834 1393 1869 p.
1412 1822 1485 1856 205
1500 1847 1510 1864 ‚
1530 1821 1595 1865 64.

301 1875 411 1911 infra
434 1876 460 1913 οἱ
479 1875 585 1919 Ἀλεῖς
605 1883 707 1912 recte
725 1876 922 1924 scriptum
944 1873 976 1926 ζ).
997 1877 1059 1912 68.
1077 1877 1136 1913 sed
1163 1877 1235 1920 τούς
1253 1876 1372 1919 Ἀλέκς
1386 1876 1595 1912 dicebante

299 1931 474 1967 alterum
496 1932 602 1979 apud
628 1931 811 1967 eumdem
835 1932 1009 1968 recurrit
1029 1946 1066 1980 p.
1088 1933 1180 1968 258.
1195 1940 1234 1968 et
1252 1932 1342 1968 516.
1381 1937 1482 1968 recte
1501 1930 1598 1967 scri-

300 1985 416 2022 bitur
451 1999 489 2033 p.
516 1987 606 2022 256.
639 1985 746 2024 ’Ἅλου
775 1989 1066 2035 πολιορκουμένσυε
1110 1994 1147 2023 et
1175 2001 1213 2036 p.
1236 1989 1282 2023 88
1299 2013 1309 2022 .
1333 2000 1362 2024 1.
1394 1988 1594 2033 Φτιρσκλίοις

294 2040 395 2077 ’Ἅλον
432 2038 636 2088 παρέδωκεν
669 2041 717 2077 ad
744 2041 852 2078 hunc
879 2043 1012 2078 locum
1038 2049 1169 2079 notata
1195 2042 1264 2078 ubi
1291 2041 1387 2078 citat
1420 2042 1600 2089 Ulpianus

301 2095 374 2143 qui
392 2102 574 2133 vocatur.
594 2109 631 2144 p.
649 2097 745 2141 205,
760 2097 845 2140 64..
868 2109 1008 2133 nomen
1025 2097 1126 2140 ’Ἄλος
1148 2098 1190 2132 111
1213 2097 1295 2139 ὅλως
1316 2096 1598 2144 Γιιίῑιὶεμωνει-

301 2155 403 2186 tum.
433 2150 615 2187 Mendosa
635 2151 741 2198 apud
759 2153 903 2188 &uidam
921 2153 976 2188 sie
1001 2159 1163 2200 possunt
1192 2152 1484 2201 quodammodo
1512 2151 1598 2187 red-

301 2204 517 2255 integrari,
553 2206 585 2241 si
620 2206 794 2255 legatur:
837 2206 956 2250 Ἀλέοις
975 2228 992 2234 -
1010 2229 1026 2235 -
1045 2229 1059 2236 -
1087 2204 1226 2257 [Ἂλος]
1258 2206 1357 2250 πόλις
1385 2204 1600 2248 Θεσσαλικῆ·

299 2261 328 2298 οἱ
348 2257 378 2297 δὲ
397 2265 535 2298 πιλῖτκι
556 2259 674 2303 Ἀλεΐς.
706 2262 861 2298 VALC
874 2265 921 2298 l'x.

363 2328 422 2351 10.
455 2315 595 2353 ὁπλῖται
625 2317 925 2372 ξυλλεγέντες)
956 2316 1099 2353 Eadem
1121 2317 1313 2353 redibunt
1333 2320 1398 2354 IX.
1419 2330 1450 2353 c.
1474 2330 1535 2367 29.
1556 2320 1596 2353 et

299 2382 332 2406 C·
354 2383 418 2416 27·
438 2371 654 2412 cummim.
689 2371 805 2406 Alibi
834 2374 1040 2417 συλλεχᾶεὶς,
1075 2374 1320 2417 συλλεχὶἦνκι,
1347 2380 1386 2409 et
1417 2373 1594 2416 similia,

301 2427 441 2462 Nostro
462 2425 797 2473 frequentantur:
828 2427 933 2462 1111111
955 2427 1119 2475 quidem
1144 2428 1184 2462 111
1195 2437 1308 2464 ten-cst
1334 2437 1473 2464 utrum
1502 2427 1599 2463 scri-

298 2481 440 2528 pserit,
456 2480 521 2517 sed
539 2481 740 2531 scripsisse
757 2491 889 2519 tamen
908 2482 1116 2520 videbitur
1133 2482 1208 2520 ista
1226 2483 1323 2520 talia
1346 2484 1394 2520 ad
1416 2481 1596 2520 eamdem

1716 365 1718 498 f
