1718 2919
368 254 444 304 196
637 247 1382 290 ADNOTVATIONES

362 358 458 393 arsia
485 352 679 395 εἷλκῶότων.
716 355 829 390 iuxta
851 353 1041 390 Libanium
1063 356 1105 390 T.
1130 357 1157 391 Ῐ.
1179 367 1215 402 Ρ.
1236 363 1294 398 14.
1320 367 1352 392 e.
1372 353 1493 391 illum
1517 353 1659 394 s'crsoeoe'-

361 419 450 452 νουν,
483 411 542 452 τῆς
576 409 605 446 ἐν
632 411 807 449 Σαλαμῖνι
842 411 1037 453 νκυμοεχίκς
1063 408 1215 457 deofl-miv
1243 408 1424 450 ποισιῖμενοι
1452 409 1510 450 viv
1539 410 1655 447 ἐκείνου
1703 407 1706 410 ’

359 461 514 502 &nivosum
548 463 820 511 Multiplicem
852 463 1040 499 honorem
1066 463 1142 511 ipsi
1174 471 1257 499 tum
1281 465 1480 500 tributum
1500 477 1519 500 a
1543 466 1656 501 Lace-

357 519 579 555 daemoniis
598 524 756 554 enarrat
773 524 811 554 ct
827 518 1031 555 Plutarch(
1050 519 1093 554 In
1119 520 1252 555 Herod.
1273 519 1439 567 legerem
1466 515 1554 568 [lin.
1574 515 1656 570 12.]

356 586 404 611 ex
430 587 553 623 marg.
570 575 745 623 Stephani
765 574 986 620 προέπεμψαν
1007 571 1204 611 οἱπιόντα
1222 571 1396 620 τριηκόσιοι
1420 575 1652 621 Σπαρτιητέων

355 627 515 671 λογάδες;
538 642 619 677 quo
639 630 785 664 honore
805 628 1006 664 neminem
1027 627 1156 664 alium
1186 627 1382 664 dicuntur
1403 628 1652 677 prosequuti.

353 686 446 720 Hoc·
471 684 578 732 apud
626 683 828 734 Thucydid.
861 685 888 718 1.
918 695 951 718 c.
976 691 1064 728 74.⁹
1096 683 1300 730 Spartanis
1332 682 1373 718 in
1412 683 1648 720 memoriam

355 745 510 775 revocat
535 744 669 774 orator
694 737 877 774 Atticus:
909 739 1187 782 Themistocles,
1212 738 1292 779 ait,
1319 737 1514 781 αι’τιώτατσς
1541 738 1568 775 ἓν
1599 739 1649 787 τῷ*

353 794 456 841 στενῷ
486 794 709 838 ναυμκχὶἷται
730 783 873 834 &ivit-o,
902 790 979 840 ἕπερ
1000 794 1201 834 σαφέσι-κτα
1234 790 1337 830 {buce
1363 791 1408 829 τοὶ
1436 791 1644 840 πράγματι·

353 849 411 884 καὶ
432 847 526 886 aazia-ol
551 845 604 884 διαὶ
625 848 721 884 τοῦτο
743 844 779 886 δὲ
802 844 961 888 μάλιστα
982 845 1159 888 ἐτιμήσατε
1185 844 1285 895 ἄνδρα
1308 845 1390 890 ξένον
1410 847 1473 884 τῶν
1493 847 1533 890 ὥς
1552 846 1645 891 ὑμεῖς

351 901 524 939 imaum:
545 902 599 938 sic
619 901 764 949 scripta
787 901 946 938 Codices
967 902 1169 938 exhibent.
1201 903 1351 938 VALC
1364 904 1411 938 Κ.

414 969 425 991 1
439 970 473 993 2.
493 955 720 1005 προέπεμψαν
740 954 952 1003 irradiaret)
972 959 1059 993 Non
1081 956 1211 993 nescio
1232 955 1523 1004 patrocinium,
1541 962 1645 994 vete-

349 1011 385 1047 ri
414 1010 602 1049 α’νιέντοι
634 1017 836 1059 paratum.
884 1013 1053 1047 Praestat
1083 1023 1129 1047 ex
1161 1011 1320 1059 scriptis
1357 1012 1550 1059 exemplis
1579 1012 1644 1048 de-

347 1074 577 1114 promtum‚
608 1073 743 1113 estque
766 1066 871 1113 apud
891 1067 1089 1103 Aristidem
1117 1068 1159 1102 T.
1179 1068 1224 1102 11.
1248 1079 1285 1114 p.
1304 1078 1394 1115 219.
1424 1067 1466 1101 in
1496 1079 1644 1104 memo·

346 1121 470 1168 rabili
501 1121 572 1157 hoc
602 1121 783 1156 Atticum
818 1121 1100 1168 imperatorem
1131 1120 1414 1157 deducentium
1446 1126 1486 1157 et
1513 1134 1642 1170 prose-

345 1177 563 1224 quentium
589 1175 807 1211 comitatu:
842 1176 1096 1212 memorabili
1120 1176 1287 1224 inquam
1308 1193 1315 1219 ς
1350 1176 1464 1211 nihil.
1480 1189 1573 1213 sane
1590 1177 1639 1213 ad

342 1231 535 1267 honorem
563 1226 741 1278 amplius
760 1236 798 1265 et
817 1231 864 1265 ad
884 1231 1054 1280 gloriam
1086 1229 1409 1279 magnificentius
1435 1232 1598 1279 publice
1617 1245 1640 1268 a

343 1286 550 1333 Spartanis
572 1285 688 1321 lauda
698 1291 733 1320 to
753 1285 932 1321 accedere
960 1285 1115 1334 potuit.
1133 1298 1255 1334 quam
1278 1298 1298 1321 a
1321 1285 1506 1323 trecentis
1522 1287 1641 1335 equi-

332 1341 453 1380 tibus
470 1367 480 1383 ,
513 1340 667 1387 primae
689 1339 938 1385 nobilitatis,
963 1348 1002 1377 ct
1023 1352 1159 1390 regum
1189 1340 1450 1388 stipatoribus
1475 1341 1548 1378 lib.
1570 1343 1639 1380 VI.

347 1396 431 1440 56.‚
449 1391 572 1445 [conf.
590 1395 695 1432 Adn.
712 1394 760 1430 ad
781 1396 864 1431 VII.
882 1396 977 1439 205,
994 1392 1045 1445 9.]
1067 1395 1115 1431 ad
1131 1395 1342 1432 laconicae
1360 1397 1458 1432 fines
1477 1396 1637 1432 honori-

342 1452 415 1487 fice
435 1449 592 1486 deduci.
622 1449 852 1486 Praedicant
869 1450 940 1486 hoe
955 1450 1042 1486 eius
1058 1450 1175 1486 decus
1187 1451 1384 1495 Aristides,
1402 1451 1636 1498 Plutarchus,

339 1505 737 1553 Atheniensiumque
758 1504 873 1553 legati
890 1531 899 1548 ‚
920 1505 967 1540 ad
995 1506 1205 1552 Spartanos
1223 1511 1450 1553 perorantes
1470 1505 1514 1542 in
1537 1507 1636 1543 Thu-

339 1562 480 1614 cydidis
510 1561 581 1596 lib.
604 1563 630 1596 1.
653 1573 685 1597 c.
708 1569 772 1603 Μ.
803 1561 979 1597 WESS.

449 1613 594 1655 CAP.
632 1613 837 1654 CXXV.
876 1628 910 1651 2.
950 1612 1143 1657 Τιμόδημος
1180 1611 1452 1661 Ἀῶιδναΐος)
1504 1617 1635 1653 Vallae

338 1667 521 1713 Ἀφιδναῖον
553 1670 655 1706 haud
683 1669 934 1719 agnoscenti,
962 1670 1109 1705 nedum
1130 1669 1318 1711 Ἀθηναῖον,
1350 1669 1466 1706 modo
1496 1671 1631 1718 plures

336 1725 521 1761 adforent
546 1725 842 1774 suffragatores,
866 1725 1074 1761 adsensum
1101 1724 1246 1772 cupide
1271 1725 1513 1771 praeberem.
1550 1726 1635 1762 Bel·

337 1779 454 1816 binita
475 1779 555 1816 fuit
585 1782 821 1816 Timodemus.
866 1779 1032 1816 Memini
1056 1780 1216 1828 pulcre,
1237 1779 1293 1816 Io.
1312 1781 1502 1816 Meursium
1521 1780 1633 1816 insu-

333 1835 417 1871 lam
447 1835 656 1872 Belbinam
687 1835 843 1871 Atticae
873 1835 1033 1883 populis
1058 1834 1138 1870 sive
1163 1833 1269 1883 pagis
1295 1833 1381 1870 sine
1410 1840 1502 1871 teste
1527 1835 1630 1871 inse-

334 1889 480 1935 ruisse,
501 1897 539 1926 et
558 1891 681 1938 Sponii
699 1890 890 1926 meruisse
909 1902 1115 1926 censuram
1131 1915 1140 1928 .
1157 1888 1328 1924 errantis
1357 1896 1487 1925 tamen
1514 1890 1630 1938 longe

333 1945 384 1981 ob
403 1950 559 1994 negatos
580 1945 738 1981 insulae
758 1945 919 1982 incolas.
952 1945 1047 1982 Alia
1059 1943 1194 1980 omnia
1213 1944 1343 1980 Strabo
1356 1946 1460 1981 VIII.
1482 1957 1518 1992 p.
1539 1946 1631 1987 576.

333 2006 372 2035 et
392 2001 458 2036 IX.
479 2014 518 2048 p.
542 2001 633 2036 611.
663 1996 728 2049 [p.
753 2000 844 2046 575.
867 2013 900 2037 c.
918 2006 955 2035 et
978 2012 1014 2047 p.
1033 2000 1124 2049 3q8.
1149 2013 1184 2035 n.
1207 1999 1268 2034 ed.
1291 1994 1400 2049 Cas.]
1440 2000 1521 2035 Iam
1543 2000 1630 2036 Bel-

330 2054 462 2091 binita
488 2056 520 2091 si
537 2054 812 2099 Timodemus,
827 2054 1028 2102 quomodo
1045 2054 1278 2102 Aphidnaeus
1293 2051 1312 2088 Ρ
1345 2055 1446 2090 Nam
1465 2054 1630 2097 Ἀθηναῖος

329 2109 446 2146 Arch.
468 2120 514 2144 ex
535 2109 816 2156 sequentibus,
839 2109 1033 2157 quoniam
1056 2108 1273 2153 librarius,
1299 2107 1416 2144 sicuti
1443 2108 1485 2144 in
1505 2111 1626 2153 Valla,

329 2163 488 2211 aliquid
511 2164 638 2199 deesse
662 2164 941 2212 suspicabatur
958 2190 967 2207 ‚
998 2164 1075 2199 huc
1101 2163 1252 2199 venisse
1278 2162 1452 2199 videtur.
1496 2165 1626 2200 Fuisse

328 2230 421 2254 vero
455 2219 744 2264 Belbinitanum,
779 2230 868 2254 acre
902 2218 1176 2254 Themistoclis
1212 2229 1442 2265 responsum
1475 2218 1625 2267 arguit.

331 2273 476 2310 Simile
505 2275 671 2310 Platonis
702 2273 749 2309 de
778 2274 875 2320 Rep.
903 2275 930 2309 Ι.
961 2286 998 2321 p.
1023 2273 1113 2308 330.
1136 2287 1172 2308 A.
1204 2279 1243 2308 et
1271 2273 1460 2308 Plutarchi
1487 2274 1624 2309 Theni.

327 2340 368 2376 p.
400 2341 488 2364 121.
518 2342 580 2371 A..
608 2340 689 2375 quo
721 2328 905 2375 Seriphio
935 2327 1189 2363 obtrectatori
1214 2327 1511 2371 Themistocles,
1541 2325 1624 2365 ἀλλ’

327 2381 395 2421 οὔτ’
415 2380 455 2419 viv
477 2381 540 2424 ἐγώ
565 2385 712 2429 Σεξίφιθς
733 2381 787 2423 ὢν,
817 2381 971 2424 ἐγενόμην
993 2379 1134 2425 ἔνδοξος,
1157 2380 1228 2419 οὔτε
1249 2379 1289 2418 σι)
1318 2380 1492 2425 Ἀθηνκῖος.
1538 2380 1620 2429 Qui

325 2436 490 2485 quidem
508 2448 555 2472 ex
575 2436 707 2473 insula
738 2436 924 2484 Seripho,
949 2437 1014 2472 hic
1030 2448 1120 2485 ergo
1145 2448 1190 2471 ex
1211 2435 1399 2480 Belbina,
1420 2436 1553 2472 insula
1575 2447 1621 2471 ex

323 2491 484 2530 adverso
510 2492 668 2529 Atticae
694 2491 941 2536 obscuriore,
956 2491 1071 2528 cuius
1091 2491 1330 2528 habitatores
1351 2492 1401 2527 ob
1419 2491 1618 2527 vilitatem
