1718 2919
278 194 370 232 An
413 170 1102 243 HERooor.1x.'44-47.
1261 196 1341 238 263

54 296 338 342 σνλλεχθητετ
366 297 437 332 hoc
467 296 575 332 enim
596 296 719 332 moris
743 300 800 332 est
817 294 1050 340 Herodotei,
1077 308 1157 332 non
1179 306 1279 334 συλλε
1280 298 1345 339 γῆ.

53 367 106 391 τες
136 362 264 399 neque
288 351 351 386 hic
376 352 508 387 locum
536 351 693 388 invenit
715 351 827 387 Galeo
859 350 1069 398 probatum
1090 348 1342 397 καταρρωδηκεε.

46 407 272 444 VALCK.
308 425 357 431 —·
400 403 647 450 Καταίῥωδῆκεε
635 429 666 447 ,
695 405 760 441 cui
785 405 855 441 Th.
877 406 1008 442 Galeus
1038 405 1188 452 primas
1211 405 1342 452 dedit,

53 467 210 511 praeter
241 460 353 496 form
357 473 408 496 im
434 460 607 496 Ionicam
632 472 706 496 cur
729 460 861 508 potius
883 465 1112 504 censeatur,
1140 459 1248 496 nihil
1275 460 1343 496 ha-

51 517 132 553 het.
150 517 270 551 Taceo
282 541 292 558 ‚
311 514 351 550 id
364 514 473 551 verbi
489 520 643 563 tempus
657 542 666 560 ‚
687 521 733 550 ut
744 514 996 564 grammatici
1017 486 1266 562 loqduntur,
1284 514 1341 551 rei

51 569 337 607 disconvenire.
357 572 413 606 W
425 570 535 607 ESS.

111 637 173 661 20.
200 625 263 661 Ad
283 624 378 669 ista,
412 621 446 666 ὃς
474 622 636 665 Ἑλλήνων
666 623 771 661 εἵνεκα
802 621 908 662 οὕτω
933 621 1059 671 ἔργον
1091 621 1340 672 παράβολον

53 677 249 727 ἔργασμαι,
276 691 378 726 quae
399 678 502 714 mihi
526 690 687 727 quoque
710 678 766 714 sic
790 678 938 746 scripta⁵
959 679 1141 726 placent,
1168 678 1261 714 haec
1284 691 1343 715 re-

54 734 249 782 spondent
263 734 453 770 Plutarchi
476 736 518 769 T.
541 736 570 771 Ι.
602 746 639 781 p.
667 734 756 780 327.
777 748 811 770 Ε.
839 731 907 774 ’ἵκω
928 734 962 770 ἐκ
988 730 1135 771 κινδύνων
1165 731 1223 771 τᾶν
1244 733 1343 776 μέγι-

55 804 130 827 στον
150 787 255 836 εὔνοίᾳ
274 790 318 836 τῇ
336 787 417 836 πρδς
435 788 526 831 υμοῒς
545 786 739 836 αἱρουμενσς.
767 788 928 826 VALC
943 789 992 824 K.

165 840 310 882 CAP.
329 840 513 881 XLVI.
536 843 554 879 5
568 857 664 892 seqq.
688 842 792 886 υμέας
805 845 865 884 μὲν
884 863 901 870 -
918 861 936 869 ·
955 858 1029 885 τους
1046 807 1227 885 Ἀάκναίους
1248 848 1314 879 etc.
1321 839 1341 893 )

54 897 189 935 Priora
219 897 252 934 si
282 904 386 934 certa
408 897 485 934 fide
503 897 719 942 nituntur,
746 897 1006 946 sequentibus
1038 902 1169 933 tamen
1201 895 1343 933 insunt

54 952 178 989 nimis
202 952 518 988 Atheniensibus
543 952 783 996 honorifica,
812 962 995 1000 quaeque
1020 964 1112 987 cum
1132 952 1343 999 Spartano-

54 1019 149 1044 rum
168 1007 354 1055 superbia
375 1007 546 1043 minime
568 1007 818 1044 conveniant.
861 1007 1041 1042 Herodoti
1069 1006 1146 1043 fide
1170 1007 1343 1042 referens

53 1061 128 1098 ista
158 1063 373 1098 Plutarchus
403 1062 446 1097 in
466 1062 636 1099 Aristid.
668 1075 705 1109 p.
730 1062 821 1098 528.
845 1075 883 1097 Α.
911 1061 1011 1109 quid
1038 1060 1086 1095 de
1113 1060 1174 1096 his
1198 1060 1343 1097 sentiat

52 1115 185 1164 aperit
210 1116 254 1152 in
281 1117 353 1153 lib.
377 1116 424 1153 de
441 1118 580 1153 Herod.
598 1116 763 1165 Malign.
795 1128 834 1163 p.
856 1116 945 1162 872.
968 1129 1023 1160 B.‚
1045 1120 1235 1163 tanquam
1258 1127 1340 1151 rem

54 1170 272 1207 ridiculam
304 1171 513 1207 traducens
543 1177 699 1219 praeter
732 1175 859 1206 cetera
872 1196 882 1215 a
917 1168 1029 1212 αὔτεῖς
1055 1170 1250 1207 Παυσανίαν
1282 1172 1341 1207 καὶ

57 1224 280 1272 Σπαρτιάτας
297 1227 356 1269 τῆς
381 1225 554 1269 ἧγεμονίοις
575 1226 747 1268 ὑφίεσθαι,
773 1245 791 1252 -
811 1245 829 1252 -
845 1245 862 1252 -
889 1222 929 1266 ὦς
954 1223 1066 1272 οἶκθείᾳ
1088 1222 1145 1263 viv
1170 1223 1251 1271 πρδς
1269 1223 1342 1266 τούς

54 1278 239 1327 βαρβάρους
256 1278 376 1325 μοι’χκν
395 1279 695 1323 οἷπολεγουμένσυςε
719 1291 893 1328 quorum
917 1283 1160 1326 postremum
1181 1277 1225 1313 in
1247 1278 1343 1315 οἷπω-

55 1333 232 1376 θσυμένους
257 1335 388 1370 forsan
415 1334 495 1370 erit
520 1334 776 1370 mutandum.
804 1334 1019 1370 VALCK.
1324 1378 1328 1380 ἢ

114 1402 135 1438 9
160 1401 231 1437 seq.
260 1389 352 1432 ἡμεῖς
365 1386 399 1439 ,δὲ
421 1389 546 1437 ἔπειμι
565 1387 653 1437 etc.)
685 1389 787 1426 Mira
805 1386 1021 1424 Pausaniae
1041 1397 1151 1422 mora
1171 1391 1209 1421 et
1226 1385 1352 1435 tergi->

54 1443 235 1480 versatio.
263 1443 326 1479 Ad
340 1444 621 1491 Thermopylas
640 1444 927 1492 Spartanorum
951 1441 1086 1489 plures
1111 1452 1190 1476 non
1214 1440 1343 1477 inulti

55 1498 340 1539 occubuerant;
359 1498 511 1546 patriae
522 1498 652 1541 decus,
665 1498 770 1546 quod
789 1496 910 1534 Xerxi
930 1497 1166 1532 Demaratus
1179 1495 1345 1533 lib.VII.

59 1562 150 1587 102.
171 1558 405 1596 ostentarat,
432 1553 550 1589 nullo
567 1553 681 1589 modo
697 1553 984 1588 dedecorantes.
1015 1550 1214 1594 Adeo-ne,
1235 1549 1342 1599 quod

54 1617 193 1642 eorum
217 1607 414 1643 evaserint
434 1607 566 1653 nulli,
584 1607 688 1645 Medi
711 1605 936 1643 terribiles?
966 1605 1079 1642 Haud
1102 1611 1257 1652 praeter
1279 1616 1344 1640 ve-

54 1660 216 1697 ritatem
250 1663 428 1698 Isocrates
457 1663 669 1698 Panathen.
701 1676 738 1710 p.
769 1673 858 1708 272.
887 1675 921 1698 E.
951 1660 998 1696 de
1025 1660 1132 1695 bello
1159 1660 1344 1696 adversus

55 1717 226 1753 Xerxem
239 1742 250 1760 7
277 1717 304 1754 ἐν
323 1711 349 1764 ᾧ
367 1718 464 1754 πλέω)
483 1713 652 1759 διήνεγκαν
672 1718 910 1754 Athenienses
930 1712 1192 1756 Λακεδαιμονίων
1207 1715 1235 1751 ἐν
1248 1711 1342 1751 ἅπαι-

57 1786 90 1807 σι
119 1773 183 1813 τοῖς
211 1768 379 1814 κινδύνοις,
402 1770 424 1811 νῖ
447 1775 542 1809 κεῖνοι
568 1773 631 1809 τῶν
653 1769 777 1808 ἄλλων.
824 1773 963 1819 Magna
997 1775 1100 1805 certe
1120 1768 1345 1804 Athenien-

55 1823 163 1860 sium
180 1824 326 1873 gloria‚
346 1837 438 1861 cum
459 1827 645 1862 Medorum
659 1838 804 1862 nomen
825 1824 981 1863 Graecis
996 1823 1185 1860 omnibus
1197 1822 1341 1859 auditu

53 1884 151 1915 esset
171 1879 498 1925 formidolosum,
523 1892 661 1917 eorum
687 1880 873 1928 inpetum
900 1885 939 1915 et
963 1891 1075 1915 arma
1096 1877 1342 1925 repressisse,

52 1933 127 1970 lib.
144 1935 212 1971 VI.
239 1947 251 1969 1
267 1947 278 1969 1
291 1946 326 1971 2.
364 1935 477 1971 Adde
494 1936 682 1972 Plutarch.
700 1935 870 1972 Aristid.
891 1947 928 1981 p.
948 1934 1038 1970 328.
1059 1946 1091 1969 c.
1120 1933 1300 1970 WESS.

115 2001 180 2026 20.
212 1990 271 2026 καὶ
293 1985 470 2031 ἧδσμένσισι
499 1988 596 2032 ἦμῖν
625 1991 653 2028 οἷ
675 1989 770 2032 λόγοι
797 1986 980 2037 γεγόνασι)
1010 1987 1251 2035 Adstipulor
1271 1988 1343 2024 Pa-

54 2044 130 2089 υἱο,
149 2054 196 2079 ex
215 2045 345 2080 Vanae
360 2043 532 2087 Latinis,
551 2056 768 2092 pronomen
790 2043 980 2080 mutanti.
1009 2045 1153 2079 Favent
1169 2042 1343 2086 schedae,

57 2103 96 2134 et
117 2097 331 2143 orationis,
353 2104 399 2134 ut
417 2098 544 2135 cuivis
562 2099 746 2147 adparet,
766 2104 926 2135 tractus.
956 2098 1134 2138 WESS.

166 2150 311 2192 CAP·
331 2150 543 2191 XLVII.
564 2168 601 2203 9.
621 2154 766 2191 ἔπὶτου
783 2148 1021 2203 εὔωνύμου)
1050 2154 1102 2189 Ut
1120 2151 1341 2189 cumArch.

55 2206 272 2268 faciamus,
289 2203 364 2258 [ἐπὶ
383 2209 423 2245 ro*
442 2206 600 2250 εὖωνυμον
619 2203 840 2259 scribente]
864 2219 995 2243 caussa
1020 2219 1100 2243 non
1127 2212 1252 2256 urget.
1294 2209 1342 2243 Et

55 2262 124 2297 illi
143 2261 266 2297 nimis
284 2261 514 2310 suspiciosi,
546 2262 619 2310 qui
645 2263 695 2298 ob
712 2261 957 2329 “praecedens
984 2256 1042 2304 ἷγε
1071 2277 1146 2304 τους
1170 2259 1344 2309 Σπαρτιή-

57 2332 119 2359 τας
125 2341 137 2358 ,
167 2316 313 2353 melius
331 2322 371 2353 et
390 2316 573 2353 ornatius
600 2317 651 2354 ἐπὶ
669 2318 728 2354 τοῦ
747 2315 910 2358 ευωνύμου
935 2332 1031 2359 τους
1050 2316 1211 2362 Πέρσας
1231 2315 1343 2350 sutu-

53 2382 147 2407 rum
167 2371 455 2419 praescribunt.
485 2371 585 2419 Quis
606 2372 744 2407 obtuso
762 2371 819 2407 ita
834 2370 1015 2419 ingenio,
1036 2375 1081 2406 ut
1096 2371 1225 2406 Persas
1241 2372 1345 2406 Mar-

52 2425 224 2463 donium
244 2425 361 2472 illam
378 2426 422 2462 in
444 2431 597 2474 partem
615 2425 836 2462 ducturum
855 2437 936 2461 non
951 2424 1156 2461 advertat?
1171 2423 1344 2465 WESS.
