1718 2919
278 213 359 252 206
563 210 1316 255 ADNOTATIONES

279 319 421 354 Jzetzes
446 319 559 368 Myn‚
589 317 771 354 Samium
791 317 933 357 domo.
955 318 1072 355 offert
1088 319 1133 355 ad
1153 320 1387 377 Lycophron.
1403 332 1441 370 p.
1464 330 1552 366 141.
1568 348 1580 367 ,

275 372 591 410 Atheniensibus
612 373 712 422 regis
740 375 875 410 Persae
901 358 1054 410 litteras
1081 372 1437 424 interpretantem,
1466 376 1576 413 haud

276 428 355 464 scio
382 427 487 463 unde
520 434 740 476 acceptum.
783 430 875 465 Mox
909 427 1177 476 χοκσόμενον
1210 430 1306 467 ἐλθεῖν
1335 430 1408 479 qui
1438 431 1574 468 volue-

275 483 384 527 rint,
407 482 566 520 Codices
584 494 727 531 meque
743 482 1050 531 adstipulatores
1070 484 1366 521 nanciscentur.
1388 486 1574 524 WESS.

335 537 372 574 3.
403 534 503 586 ἄνδρα
522 536 725 586 Εὐρωπέα
749 536 862 586 γένος)
893 539 1034 574 Carem
1064 539 1172 575 hunc
1198 539 1260 575 bis
1283 552 1316 576 c.
1343 540 1431 577 135.
1460 545 1575 577 vocat

277 592 457 641 Εὖρωπέαε
492 591 605 628 iuxta
635 594 872 640 Balmerfflm,
898 592 943 628 ab
967 594 1108 643 Europo
1138 594 1283 631 Idriade
1305 596 1416 633 dieta.
1450 596 1575 632 Notae

277 653 374 684 sunt
390 646 557 683 aliunde
578 646 829 684 Macedoniae
856 647 1071 696 Syriaeque
1092 650 1207 684 urbes
1236 649 1365 686 dictae
1393 647 1571 698 Eiifwvro'gz

276 702 400 738 huius
427 701 603 738 nominis
636 703 776 738 urbem
812 702 932 738 fuisse
961 703 1100 740 Cariae
1137 715 1243 739 unus
1274 704 1418 741 scribit
1448 704 1573 754 Steph.

276 759 368 809 Byz.
389 757 509 793 illinc
538 763 667 793 tamen
686 756 835 806 gentile
854 757 1049 794 deducens
1073 756 1255 806 Εὗρωπιοςε
1282 761 1332 795 ab
1330 757 1500 828 νΕόρωμος
1517 758 1574 796 ei-

277 813 368 849 dem
387 811 563 848 flectitur
593 811 728 860 Εὐρωμε
732 810 786 855 ύςτ
818 818 856 848 et
883 812 1007 849 solius
1030 813 1170 850 Cariae
1190 812 1272 849 fuit
1295 812 1448 863 Εὕρωμος
1462 839 1472 856 ,
1506 825 1577 850 va-

275 867 351 904 riis
366 873 580 903 memorata
599 866 642 902 in
661 869 760 904 Nota
780 868 928 904 Berkelii
947 860 995 903 ad
1014 868 1159 916 Stephq
1179 867 1335 916 saepius
1353 868 1498 913 etiam,
1525 874 1574 906 ut

276 922 448 974 Polybio,
467 921 523 957 sic
539 923 640 958 Livio
661 923 839 960 XXXIII.
857 935 890 958 c.
914 923 976 958 30.
999 923 1065 958 cui
1086 923 1239 958 incolae
1261 929 1357 959 sunt
1380 926 1574 960 Euromen-

276 992 330 1015 ses
350 978 509 1014 XXXII.
529 989 562 1012 c.
586 977 648 1012 23.
698 980 792 1027 Myn
812 983 943 1013 tamen
973 979 1225 1027 Eur-opiensem,
1248 975 1348 1027 ἄνδρα
1367 977 1573 1023 Εὐρωπέα

277 1034 378 1075 Μῦν,
404 1044 450 1067 ex
471 1032 530 1067 his
553 1033 727 1068 Herodoti
742 1032 858 1068 habet
880 1032 924 1067 in
946 1032 1119 1068 Phocicis
1140 1034 1299 1069 Pausan.
1321 1045 1359 1081 p.
1379 1032 1470 1079 755.
1499 1035 1576 1070 Ho-

278 1087 428 1123 minem
450 1098 470 1122 e
497 1087 637 1130 Caria,
668 1098 742 1122 cur
767 1088 877 1123 Persa
898 1087 1054 1124 miserit
1079 1087 1311 1124 Mardonius
1334 1087 1383 1123 ad
1411 1089 1575 1125 oracula

279 1144 540 1186 Graecorum⁷
570 1141 638 1176 illi
655 1154 735 1177 non
755 1142 833 1178 erit
852 1144 1065 1178 obscurum
1083 1169 1091 1186 ‚
1121 1142 1194 1190 qui
1222 1144 1338 1179 Cares
1362 1142 1483 1180 fuisse
1503 1155 1574 1180 uo-

277 1196 381 1234 verit
409 1196 630 1233 minimum
655 1194 876 1240 διγλῶο-ο-συςε
900 1200 1044 1234 Graece
1073 1196 1343 1246 intelligentes
1372 1210 1452 1233 non
1488 1203 1576 1235 tan-

279 1258 387 1295 tum,
409 1252 471 1288 sed
495 1251 616 1287 etiam
642 1250 764 1287 Persis
789 1253 932 1288 Graeca
961 1252 1280 1300 interpretantes.
1322 1252 1443 1300 Apud
1476 1254 1577 1289 Thu-

279 1308 400 1353 cydid.
419 1308 522 1344 VIII.
546 1307 608 1343 35.
646 1306 840 1354 Spartano
865 1307 1048 1344 Mindaro
1073 1307 1351 1355 Tissaphernes
1383 1307 1574 1352 ’ξυνέπεμψε

278 1360 474 1409 πρεσέευτγῖν
506 1361 570 1398 τῶν
596 1359 675 1407 παρ’
703 1360 842 1403 ἑαυτοῦ,
881 1365 1058 1401 Γκυλείτκν
1088 1360 1214 1404 ἔνσμκ,
1250 1363 1352 1409 Κᾶρα
1379 1358 1572 1403 δίγλωσσῡν.

280 1419 382 1454 Cum
411 1415 567 1453 Graecis
600 1415 770 1451 ducibus
792 1427 907 1465 agens
927 1418 1054 1464 Cyrus
1081 1416 1216 1452 minor
1243 1416 1413 1453 Caribus
1441 1417 1576 1454 utitur

279 1471 570 1518 interpretibus
603 1471 647 1505 in
684 1472 938 1520 Xenophontis
979 1471 1085 1519 Κύμυ
1123 1470 1326 1511 Ἀνκβεὲσειε
1362 1484 1575 1520 quumque

278 1526 530 1563 ventitabant
559 1525 601 1560 in
628 1526 765 1561 aulam
792 1526 983 1562 Persicam
1013 1525 1172 1570 Graeci,
1207 1526 1302 1562 tales
1331 1532 1370 1563 et
1396 1526 1485 1563 illic
1506 1527 1575 1563 ha·

279 1583 460 1618 buerunt
481 1580 731 1628 interpretes.
759 1583 803 1616 In
825 1583 971 1618 Aeliani
992 1584 1092 1618 Var.
1112 1583 1142 1618 I.
1162 1594 1178 1616 2
1192 1593 1224 1617 1.
1241 1580 1451 1630 legendum
1468 1583 1577 1617 arbi-

280 1643 386 1681 tror,
405 1634 498 1678 ἔλεγε
523 1633 553 1673 δὲ
580 1635 716 1678 affrae,
740 1634 868 1683 φράζων
884 1633 922 1673 δι’
945 1636 1116 1684 ἑρμηνέως,
1141 1648 1211 1683 pro
1231 1636 1376 1681 παίξωνε
1407 1636 1479 1672 ubi
1495 1636 1576 1674 Vir

279 1693 377 1727 clar.
404 1691 536 1726 aliena
562 1689 907 1726 comminiscitur:
939 1690 1043 1726 illud
1073 1697 1214 1738 aptum
1244 1690 1368 1727 isthoc
1396 1691 1480 1727 loco
1510 1692 1575 1728 vel

279 1747 352 1782 hoc
371 1746 547 1781 declarat
575 1745 826 1793 Xenophontis
859 1744 977 1784 Ἀναβ.
1006 1747 1050 1782 II.
1081 1759 1117 1793 p.
1145 1746 1240 1790 168,
1270 1745 1528 1793 10.Φοοι’ξ9υσιν
1548 1743 1574 1783 οἳ

278 1803 316 1839 λε’
307 1817 380 1842 γ;.ι
413 1802 454 1836 In
479 1799 672 1848 proximis
702 1801 878 1836 Herodoti
901 1796 989 1850 [lin.
1017 1800 1054 1837 5.
1066 1796 1080 1850 ]
1112 1800 1247 1836 minus
1273 1799 1572 1836 accommodum

280 1859 339 1894 σωὶ
352 1882 361 1899 a
379 1855 582 1903 scribique
602 1855 743 1891 m·1llet
761 1857 921 1892 Koenius
939 1856 1027 1892 τῶν·
1024 1853 1076 1893 :fx‘
1094 1870 1128 1892 τε
1153 1871 1190 1895 κν
1213 1855 1250 1893 οἶ
1271 1853 1572 1903 immisto-adm.

279 1911 492 1947 VALCK.

389 1963 533 2004 CAP.
566 1961 842 2003 CXXXIV.
876 1964 911 2000 3.
951 1965 1198 2012 Trophonium
1225 1964 1427 2013 adgressus
1451 1965 1579 2000 Euro-

281 2019 410 2068 pensis
439 2022 517 2056 Car
545 2019 723 2055 Lebadiae
752 2019 905 2054 dicitur
927 2020 1120 2058 κατκβῆνκι
1147 2020 1267 2066 πειροὶ
1305 2016 1572 2065 Τροφώνιεντ

280 2074 386 2122 quod
410 2074 541 2110 rarius
557 2074 682 2109 altero
701 2075 912 2111 κκτκβκίνειν
932 2073 973 2114 εἷς
995 2074 1179 2120 Τροφωνίου
1202 2073 1354 2108 iudicat
1380 2072 1445 2108 vir
1466 2084 1577 2108 sum-

280 2141 370 2164 mus
392 2129 438 2164 ad
462 2131 612 2164 Lucian.
641 2141 675 2175 p.
699 2128 789 2177 559.
818 2125 950 2176 [Dial.
967 2129 1083 2163 Mort.
1101 2129 1164 2163 III.
1188 2123 1248 2177 2.]
1267 2128 1480 2164 VALCK.

340 2197 377 2230 7.
400 2182 553 2229 uxi-imp
575 2184 601 2219 ἐν
626 2181 820 2229 Ὀλυμπίῃ,
844 2182 972 2228 ἱροῖσι
995 2181 1110 2218 αὐτόθι
1130 2178 1449 2230 χρῆστκςιοέξέσθκι)
1476 2183 1573 2218 Cor-

280 2238 410 2287 rigens
431 2249 606 2273 errorem
628 2238 756 2272 Vallae
776 2238 904 2273 Portus
923 2235 966 2270 in
987 2236 1093 2271 hunc
1114 2235 1186 2271 ista
1204 2242 1361 2272 sensu'm
1381 2235 1574 2273 reddidit:

282 2300 320 2328 ut
338 2295 429 2329 enim
452 2293 661 2342 Olympiae,
681 2293 732 2327 sic
756 2293 863 2327 etiam
880 2292 954 2326 illic
972 2293 1121 2327 sacris
1150 2289 1267 2338 (ante
1289 2290 1421 2334 factis,
1439 2296 1479 2326 et
1497 2291 1575 2326 im-

282 2347 442 2384 molatis
460 2346 661 2392 victimis)
691 2350 874 2382 oraculum
892 2348 1073 2381 consulere
1092 2347 1186 2381 licet.
1231 2345 1294 2381 Ad
1322 2345 1445 2381 huius
1465 2347 1577 2381 men-

283 2409 361 2438 tem
395 2400 517 2450 ἱρκῗωσι
547 2400 688 2437 scribit
719 2401 784 2437 vir
812 2399 964 2435 doctus.
1004 2400 1146 2446 [Reislr.
1171 2400 1212 2434 in
1244 2400 1409 2437 Miscell.
1442 2396 1577 2450 Lips.]

281 2457 407 2494 isthoc
431 2455 547 2492 modo
565 2455 598 2491 si
620 2461 746 2492 essent
770 2453 983 2501 capienda,
1003 2455 1067 2490 hic
1088 2454 1188 2491 forte
1204 2454 1314 2491 loeus
1342 2454 1480 2491 fuisset
1496 2469 1578 2503 χρη.
