1718 2919
308 218 385 266 246
593 211 1341 252 ADNOTATIONES

362 327 399 363 4.
429 315 586 360 Δάμας
613 316 630 354 0‘
655 313 916 364 Σαμύριος)
950 315 991 352 Si
1015 316 1133 352 Arch.
1156 321 1195 352 et
1229 318 1341 353 Valla
1364 328 1508 364 parum
1540 315 1605 352 iu-

303 379 473 417 ventur,
489 379 516 410 Δ
529 370 620 413 οέμα
633 388 701 413 σος
719 370 891 417 Ἀμύριος,
911 372 1092 407 Damasus
1113 373 1262 421 Amyris
1278 373 1320 408 F.
1334 398 1343 414 ‚
1360 371 1450 408 erit.
1481 372 1605 418 Amy-

307 428 363 466 ris
392 427 465 464 iste
495 433 658 476 propter
684 427 898 470 προσποίητον
933 428 1055 467 μανίαν
1082 424 1271 466 ἐθαυμάσθη
1299 426 1405 474 apud
1439 426 1606 463 Eustach-

306 483 423 522 Iliad.
441 480 491 521 B'.
512 495 550 530 p.
579 483 653 531 298
670 507 679 525 ,
700 481 734 517 6.
761 480 1012 527 abstulitque
1038 481 1144 522 σοφοῦ
1172 480 1356 518 titulum.
1387 481 1511 518 vonit
1531 480 1605 516 ille

309 538 587 588 Sybaritarum
624 535 788 584 quidem
824 535 870 571 ad
901 535 1075 583 Delphos
1108 535 1279 584 legatus3
1321 548 1402 584 quo
1435 535 1609 572 minime

309 598 503 643 negatur,
534 593 670 628 Siriten
697 590 814 627 domo
848 589 981 627 fuisse.
1039 591 1241 626 Praeclara
1269 602 1360 640 ergo
1393 591 1464 627 Th.
1504 591 1609 628 Galei

308 647 521 692 divinatio.
548 649 604 683 W
616 646 725 683 ESS.

367 700 435 753 [7.
466 696 555 744 οὗτος
581 698 619 739 δὲ
648 701 684 737 ἐκ
703 701 763 737 τοῦ
782 699 893 737 Ἰονίου
914 695 1078 748 κε’λπου)
1107 698 1193 736 Nisi
1221 700 1263 735 in
1290 700 1371 736 fine
1398 699 1520 736 huius
1547 698 1609 735 di-

310 758 479 802 ctionis,
508 763 552 792 ut
571 756 613 791 in
640 757 729 792 Var.
751 756 851 791 Lect.
875 754 1095 790 hariolatus
1114 766 1223 800 sum,
1251 756 1384 791 vocab.
1409 755 1526 797 μσξῖνος
1546 754 1609 790 in-

313 813 497 855 tercidit5
526 811 631 847 haud
654 810 795 853 dubie,
826 822 897 857 pro
918 809 1151 856 importuna
1182 811 1253 847 hoc
1273 811 1356 846 loco
1374 807 1404 846 δὲ
1432 809 1610 857 particu-

314 871 353 906 la
368 896 377 914 ,
404 874 476 904 aut
503 865 538 907 157?
565 866 775 913 scripserat
793 866 1023 909 Herodotus,
1051 870 1097 900 ut
1117 864 1193 902 lin.
1220 866 1279 902 16.
1299 871 1338 901 et
1360 877 1422 900 21.
1437 869 1508 901 aut
1528 868 1585 908 μὲν
1601 889 1613 911 ,

316 931 363 962 ut
382 926 446 960 lin.
471 923 504 960 5.
529 928 567 956 et
586 921 719 956 eadem
744 922 808 956 lin.
836 933 898 955 21.
928 916 999 969 8.]

376 981 413 1014 8.
441 974 640 1025 &nestum-og
668 991 702 1012 τε
725 973 894 1017 ’Ἓλληνας
923 969 1082 1022 ἰσχύϊ)
1111 973 1226 1010 Nihil
1258 980 1384 1011 muto.
1418 973 1610 1021 [Oblitus

315 1033 503 1082 equidem
529 1044 637 1066 eram
666 1030 709 1065 in
732 1031 822 1065 Var.
842 1031 944 1065 Lect.
962 1029 1172 1073 adnotare,
1193 1028 1291 1074 ἶσχύν
1312 1042 1384 1078 pro
1403 1027 1502 1075 ἰσχύϊ
1517 1029 1615 1066 scri-

317 1090 360 1125 bi
393 1089 436 1123 in
464 1087 580 1125 Arch.
612 1092 651 1121 et
686 1081 828 1135 Vind.]
856 1085 1059 1121 Pausanias
1092 1085 1160 1119 Vl.
1189 1084 1224 1119 5.
1253 1085 1279 1121 οἱ
1304 1083 1426 1127 πάντες
1452 1081 1612 1132 ἅνθρωποι

319 1142 536 1191 θεραπεύουσι
563 1141 609 1177 τοὶ
630 1140 830 1187 ὁπερέχοντκ
856 1140 901 1187 τῇ
930 1140 1073 1184 ἰσχύϊ.
1110 1141 1264 1175 Titormi
1293 1140 1402 1176 robur
1427 1141 1613 1188 corporis,

317 1198 484 1238 Milonis
500 1196 659 1233 viribus
682 1194 1008 1242 exsuperantius,
1027 1194 1260 1230 describunt
1279 1197 1425 1232 Aelian.
1444 1195 1531 1231 XII.
1551 1206 1618 1231 22.

320 1259 358 1290 et
377 1254 513 1291 Athen.
538 1254 588 1288 X.
612 1264 646 1287 2.
671 1246 782 1301 [cap.
806 1260 842 1292 4.
869 1256 1025 1285 nostrae
1051 1249 1111 1285 ed.
1134 1263 1219 1299 pag.
1250 1258 1344 1293 412.
1369 1250 1396 1286 f.
1416 1249 1476 1285 ed.
1502 1249 1616 1295 Cas.]

320 1308 573 1357 Ambiguum
595 1311 728 1342 autem
759 1301 850 1354 [lin.
871 1301 931 1354 9.]
960 1306 1017 1342 καὶ
1048 1303 1209 1348 Φυγόντος
1236 1303 1419 1352 ἀνθρώπους
1442 1303 1618 1352 explica-

324 1369 394 1401 tur
412 1362 544 1401 verbis
571 1360 776 1397 similibus
800 1360 872 1395 lib.
889 1362 956 1396 IV.
983 1367 1070 1405 174.
1092 1360 1118 1397 οἱ
1138 1358 1254 1397 miuron
1275 1359 1437 1406 ἄνθρωπον
1457 1358 1616 1402 animvm

324 1422 383 1457 καὶ
409 1416 536 1459 παντδς
560 1416 714 1459 ὁμιλίην,
741 1418 799 1465 qui
820 1413 977 1465 fugiunt
999 1426 1234 1464 quemcunque
1253 1415 1429 1450 hominem
1448 1421 1482 1450 et
1503 1417 1621 1450 cuius-

324 1488 459 1523 cunque
483 1473 730 1509 commercium.
762 1473 943 1507 Potuerat
972 1482 1134 1518 quoque
1158 1465 1252 1519 [lin.
1277 1466 1361 1520 ια]
1386 1470 1446 1511 ἰ’-ἴς
1473 1466 1619 1510 Αἰολίδος

324 1537 397 1577 pro
418 1530 521 1566 bono
542 1526 699 1574 putari,
717 1525 917 1574 siquidem
938 1524 1115 1573 Calydon
1136 1531 1174 1560 et
1193 1537 1281 1572 pars
1298 1524 1482 1561 Aetoliae
1499 1525 1625 1560 Aeolis

325 1584 441 1621 olim.
473 1583 692 1633 Hesychium
719 1581 810 1617 vide
831 1580 873 1615 in
895 1579 1048 1618 Αἰολικόν
1073 1581 1193 1622 &facim
1209 1606 1218 1621 ,
1251 1585 1289 1616 et
1314 1591 1418 1628 quae
1446 1578 1505 1614 ibi
1529 1590 1622 1614 eru-

325 1639 551 1675 ditissimus
575 1638 753 1673 Valesius.
781 1637 837 1672 At
850 1635 914 1671 hic
927 1634 1120 1672 Codicum
1134 1635 1266 1682 potior
1282 1635 1424 1671 iussus.
1439 1637 1494 1671 W
1506 1634 1623 1671 ESS.

329 1715 380 1722 -—
410 1693 548 1732 Nescio
567 1705 648 1739 quo
675 1704 764 1727 casu
786 1690 952 1734 accidit,
986 1697 1031 1726 ut
1062 1690 1105 1725 in
1135 1697 1267 1726 nostra
1298 1691 1387 1726 Var.
1417 1691 1520 1726 Lect.
1545 1689 1622 1724 illa

327 1749 448 1786 etiam
479 1748 720 1796 I‘Vessez'ingii
747 1746 898 1783 Notula
926 1745 1070 1781 omissa
1095 1744 1167 1789 sit,
1196 1756 1300 1793 quae
1325 1745 1371 1781 ad
1398 1756 1532 1780 vocem
1556 1744 1622 1781 Αἷ-

327 1801 512 1846 τωλίδος
545 1804 612 1840 lin.
649 1815 707 1838 10.
740 1802 951 1849 spectabat.
989 1803 1055 1837 Est
1088 1800 1163 1835 illa
1191 1806 1326 1836 autem
1363 1798 1622 1835 huiusmodi:

330 1855 538 1905 „Alroeffiog
559 1858 655 1894 Med.
679 1858 783 1893 Pass.
810 1858 897 1894 Ask.
918 1855 1034 1892 Arch.
1057 1856 1176 1892 Paris.
1196 1856 1241 1891 Β.
1266 1857 1399 1898 Valla,
1417 1867 1509 1890 cum
1529 1854 1620 1891 Ald-

329 1911 506 1959 ,,Αιόλίδος
528 1912 648 1948 alii.“·
680 1911 794 1959 Quod
817 1912 871 1947 ita
889 1910 995 1946 dixit
1012 1910 1093 1947 Vir
1110 1910 1270 1954 doctus,
1290 1916 1335 1946 ut
1354 1909 1622 1959 significaret,

327 1968 428 2005 alios
447 1967 596 2004 codices
610 1994 618 2010 ‚
643 1966 730 2002 illis
750 1966 922 2014 exceptis
948 1978 1047 2014 quos
1067 1964 1314 2009 nominavit,
1336 1961 1482 2006 Αἰολίδες
1511 1975 1623 2011 prae-

328 2025 433 2060 ferre
452 2035 545 2059 cum
562 2024 673 2059 Aldo.
702 2023 784 2057 lam
804 2023 945 2058 Atdina
966 2020 1130 2069 quidem
1148 2019 1272 2056 editio
1288 2026 1327 2056 et
1337 2025 1511 2055 caeterae
1529 2025 1623 2055 ante

330 2080 548 2116 Gronovium
569 2076 773 2114 Editiones
795 2075 942 2117 Αἰολίδος
967 2076 1111 2124 utique
1135 2074 1344 2112 exhibent:
1367 2074 1429 2110 sed
1452 2074 1495 2109 in
1517 2074 1625 2112 Αἷι-ω-

327 2131 411 2176 λίδσς
429 2146 521 2169 cum
542 2133 636 2169 Med.
657 2131 908 2180 reliquisque
936 2143 1016 2166 non
1037 2130 1154 2166 modo
1172 2136 1303 2165 noster
1321 2129 1403 2165 cod.
1419 2130 1461 2166 F.
1479 2140 1623 2166 verum

327 2188 448 2225 etiam
476 2189 697 2224 Par-[sienses
717 2192 892 2236 quatuor,
918 2185 995 2221 nisi
1022 2197 1085 2222 me
1104 2185 1239 2221 omnia
1263 2185 1440 2227 fallunt,
1462 2195 1624 2221 consen-

328 2244 452 2281 tiunt.
482 2245 581 2278 Puto
604 2254 695 2278 vero
710 2254 802 2278 cum
829 2240 974 2277 eisdem
1000 2241 1125 2276 fucere
1147 2240 1478 2284 Vindobonensem‚
1505 2251 1526 2275 e
1541 2251 1623 2287 quo

325 2300 420 2335 haec
450 2298 651 2346 scriptura
679 2297 780 2333 hanc
812 2296 938 2344 ipsam
969 2297 1018 2331 ob
1045 2308 1219 2331 caussam
1249 2307 1328 2331 non
1358 2300 1514 2331 enotata
1543 2299 1625 2337 est,

326 2353 522 2404 quoniam
553 2353 627 2388 ille
649 2352 689 2389 h.
711 2353 739 2388 l.
767 2364 788 2388 a
813 2352 972 2389 Mediceo
990 2377 999 2395 ‚
1027 2364 1119 2387 cum
1141 2362 1222 2399 quo
1241 2351 1411 2387 collatus
1432 2355 1509 2394 est,
1542 2361 1623 2385 non

325 2408 559 2446 discedebat.
587 2406 633 2445 S.

386 2477 399 2503 1
415 2477 427 2500 1
449 2477 545 2517 seqq.
577 2460 727 2505 Φείδωνος
748 2463 809 2500 τοῦ
836 2461 985 2510 Ἀργείων
1007 2457 1161 2508 τυράννου
1185 2459 1270 2505 miz}
1292 2455 1481 2502 Λεωκῆδκς,
1506 2454 1625 2497 Φείδω-
