1718 2919
344 235 439 275 AD
484 235 1161 280 HERODOT.V11.223.
1364 238 1414 280 55

120 339 254 388 potius
281 339 552 386 crederemus,
577 352 699 389 quam
732 339 955 378 Herodoto?
981 353 1110 389 quum
1135 340 1209 377 illa
1243 352 1416 390 praeser-

120 395 194 432 tim
219 395 397 431 narratio
421 395 539 431 fidem
561 401 741 443 superet,
771 396 983 444 multaque
1009 396 1262 433 mentiantur
1287 396 1329 433 in
1353 397 1416 432 hi-

120 449 242 486 storia
271 449 423 487 Graeci.
449 452 524 487 VA
536 452 667 488 LCK.

178 517 242 541 21.
270 503 539 553 παραχρεώμενοί
566 521 598 542 τε
622 507 679 542 καὶ
707 502 932 552 α’τέσντες)
966 504 1172 541 Laurentii
1205 507 1412 555 ingruentes

100 565 153 602 ,et
171 573 245 596 sese
267 561 488 596 intrudentes
513 559 770 607 perstrinxit,
798 566 990 607 tanquam
1009 560 1165 604 aliena,
1192 561 1254 597 Cl.
1274 562 1321 597 L.
1340 562 1413 598 Bos

118 614 212 651 obs.
235 614 374 651 Critic.
394 628 430 662 p.
455 615 542 661 157.
557 641 566 658 ,
596 626 818 662 eorumque
839 614 881 650 in
904 615 1060 660 locum,
1089 629 1175 664 quos
1197 615 1411 663 spernebant

115 675 153 706 et
177 683 246 718 pro
277 670 391 706 nihilo
419 670 618 714 habebant,
654 670 824 706 suffecit.
846 669 1000 706 Dubito
1028 669 1077 706 de
1112 670 1268 717 priore:
1308 671 1414 707 belle

116 724 288 760 memini
309 724 382 761 lib.
399 726 467 762 lv.
496 725 582 774 ¹59·
611 726 741 761 Vaccae
757 725 1049 773 παραχρεωμένους
1069 724 1191 761 fuisse
1215 730 1414 762 contemto-

115 793 194 824 res,
221 779 284 816 sed
315 779 468 828 aptavit
495 779 634 824 isthic,
651 792 754 828 quac
774 785 890 816 erant
905 779 1129 816 disiuncta:
1160 791 1336 829 namque
1354 783 1412 818 καὶ

117 833 387 882 παραχρεώμενοι
408 832 622 881 διεφθάρησαν
650 835 710 871 his
739 833 1010 871 consimiliter
1034 841 1246 883 ponuntur
1271 835 1320 872 de
1340 848 1415 883 pu-

114 889 352 938 gnantibus,
383 891 441 939 qui
474 889 540 926 sibi
571 890 844 939 corporibusque
877 891 950 926 suis
983 890 1114 926 nimio
1145 890 1287 927 ardore
1317 891 1413 927 haud

110 951 292 993 pareunt,
321 956 365 980 ac
390 942 448 981 σῦν
472 943 680 993 παραχρήσῃ
699 945 822 982 ἑαυτῶν
841 945 883 981 in
910 944 1036 982 hostes
1060 945 1280 994 ingruunt,
1308 957 1412 993 quae

115 1004 156 1035 et
192 1000 295 1036 Porti
323 998 518 1036 doctrina.
561 999 756 1036 Posterius
789 1002 994 1049 ingruentes
1027 1011 1074 1036 ex
1103 999 1270 1043 οἷττέοντες
1295 1001 1411 1038 Arch.

116 1053 258 1097 ssuxit3
287 1066 368 1103 quo
394 1053 577 1103 quidem,
608 1054 639 1090 si
669 1061 800 1091 tamen
828 1055 950 1090 iidem
980 1055 1144 1091 Ionibus
1162 1067 1206 1091 ac
1232 1053 1407 1098 ἅττ-οντες,

116 1109 226 1145 nihil
256 1109 591 1147 acconmodatius.
632 1107 825 1152 '‘Arrovreg,
856 1109 1037 1158 ὁρμῶντες,
1071 1108 1254 1154 πηδῶντες,
1288 1112 1409 1160 Hesy-

115 1165 216 1209 chio,
242 1166 372 1201 Suidae
392 1162 496 1214 [voc.
512 1160 650 1215 ''Aa-m]
673 1170 713 1201 et
739 1164 810 1200 hac
836 1164 884 1200 de
905 1164 1065 1201 familia
1089 1165 1195 1201 aliis.
1223 1167 1312 1202 Non
1331 1165 1411 1201 dif-

115 1221 255 1264 fiteor,
285 1219 386 1255 mihi
412 1220 665 1256 vehementer
695 1218 803 1255 illud
835 1220 1031 1268 placuisse
1048 1220 1275 1268 quondam:
1299 1232 1411 1256 nunc

112 1274 239 1312 vereri
256 1274 410 1322 occepi,
432 1275 671 1322 utexempla
686 1274 789 1310 Diss.
809 1275 949 1312 Herod.
974 1288 1012 1322 p.
1032 1278 1094 1312 88.
1111 1275 1335 1323 quaestioni
1354 1276 1410 1311 fa-

113 1329 224 1367 ciant
251 1329 358 1367 satis.
387 1325 463 1379 [Et
490 1329 563 1366 ista
585 1331 760 1378 profecto
784 1329 932 1366 rectius
958 1329 1109 1378 ᾅττοντες
1131 1336 1169 1366 et
1192 1328 1286 1378 ςῖττει
1313 1330 1410 1366 scri-

112 1385 283 1422 bentur:
306 1391 400 1421 sunt
421 1384 531 1420 enim
555 1396 602 1421 ex
622 1382 787 1426 α’·ίττοντες
804 1391 843 1421 et
864 1383 971 1423 α’ἰττει
993 1381 1234 1435 eontracta]
1256 1387 1335 1421 Nec
1352 1396 1409 1421 sc-

110 1452 219 1489 quar
245 1445 375 1476 tamen
404 1441 456 1476 H.
474 1440 718 1489 Stephanum,
759 1439 901 1481 αἰτίῡντες
929 1439 1010 1476 sive
1044 1440 1204 1486 (ἰτίξοντες
1233 1439 1409 1476 scriben-

115 1501 194 1532 tem
213 1510 219 1528 :
258 1507 351 1530 nam
373 1506 476 1542 quae
498 1494 540 1530 in
563 1495 808 1532 Camerarium
829 1494 903 1528 ille
927 1494 1110 1539 strinxit,
1143 1506 1190 1530 ex
1216 1495 1408 1532 Eustathio

109 1549 320 1594 derivata,
352 1561 431 1585 non
468 1549 625 1585 feriunt
656 1548 890 1585 admodum.
937 1550 1088 1585 Homeri
1120 1548 1230 1585 enim
1265 1548 1407 1587 elz-{awa

111 1604 228 1642 Iliad.
247 1603 300 1643 T'.
322 1605 414 1640 332.
441 1605 646 1652 explicant
666 1604 903 1652 interpretes
931 1602 1166 1650 αἰτιμοέξονι-κ,
1200 1605 1408 1655 Hesychius

112 1672 206 1696 cum
227 1660 377 1696 Adnot.
403 1660 509 1697 Clar.
545 1660 710 1704 Atheni,
742 1665 814 1695 aut
846 1658 1218 1706 ὅλιγοφροντιστοῦντκ,
1253 1659 1408 1708 οἰφροντι-

113 1715 278 1757 aroc-am,
306 1720 378 1751 aut
395 1714 605 1753 diversius.
635 1713 741 1751 Illud
769 1714 802 1750 si
821 1713 1065 1762 arripiatur,
1094 1715 1197 1750 valde
1213 1715 1407 1762 desperan-

111 1776 165 1806 tes
183 1776 218 1806 et
246 1772 382 1806 nullam
405 1783 488 1806 suae
518 1772 645 1806 salutis
676 1771 854 1806 rationem
881 1770 1045 1806 ducentes
1070 1768 1202 1812 sistet;
1237 1775 1407 1818 tumque

113 1822 384 1873 παραχρεώμενοί
401 1840 435 1862 τε
455 1828 512 1861 καὶ
539 1826 685 1867 cia-imre:
711 1824 918 1872 aptissime
942 1824 1030 1859 nexi
1059 1824 1284 1872 procedent.
1315 1826 1407 1861 Dio-

112 1880 221 1916 dorus
247 1879 377 1915 simili
398 1879 441 1915 in
470 1891 531 1924 re,
558 1877 699 1922 ἀφειδῶς
723 1880 862 1927 ἐχρῶντο
881 1883 948 1922 τοῖς
965 1876 1051 1921 ἰδίοις
1068 1877 1219 1918 σώμασιν
1240 1879 1282 1923 εἷς
1300 1878 1404 1920 κοινήν

113 1936 292 1982 σωτηρίαν,
317 1936 418 1971 XIII.
440 1935 504 1970 Co.
530 1940 569 1970 εἰ
588 1931 727 1976 ἀφειδεῖν
750 1935 810 1977 τῆς
829 1935 950 1980 ψυχῆς
978 1932 1074 1972 ἕνεκα
1099 1936 1206 1976 νίκης,
1231 1936 1317 1971 XII.
1339 1935 1406 1972 62·

112 1990 289 2029 VVESS.
311 2010 362 2015 —
392 1989 554 2027 Notavit
571 1989 747 2025 adhunc
769 1989 902 2025 locum
924 1990 1159 2025 Reiskius:
1189 2015 1211 2034 ,‚
1223 1989 1404 2038 Cogitavi

112 2043 366 2092 „aliquando
386 2046 585 2087 λυπέοντες,
619 2043 750 2080 ionice
773 2056 844 2092 pro
865 2045 1064 2086 λυττῶντεςτ
1092 2044 1154 2079 sed
1183 2057 1292 2080 nunc
1321 2045 1406 2093 pla-

106 2105 203 2143 „cet
221 2100 406 2149 vulgatae
422 2099 699 2148 adquiescere,
720 2105 785 2147 atq
794 2110 841 2135 ue
862 2098 1119 2147 interpretari
1129 2097 1318 2146 furentes,
1345 2112 1406 2136 ra-

106 2179 132 2198 „
146 2153 245 2192 biosi.
261 2156 284 2176 ‘⁶
314 2155 428 2191 Haud
447 2155 572 2190 dubie
586 2168 609 2190 a
626 2156 738 2191 Poe'ta
760 2160 971 2191 mutuatus
993 2154 1033 2189 id
1050 2155 1218 2191 verbum
1240 2156 1406 2192 Herodo-

108 2215 166 2246 tus
186 2214 256 2245 est.
291 2209 397 2246 Vide
424 2210 473 2246 ad
495 2209 608 2247 Iliad.
636 2208 677 2247 v'.
699 2209 789 2246 332.
819 2209 1077 2258 interpretes,
1109 2216 1149 2246 et
1169 2210 1297 2246 instar
1321 2222 1407 2246 om-

107 2262 228 2300 nium
251 2263 521 2302 immortalem
547 2267 795 2316 Heynium;
816 2264 888 2313 qui
909 2265 1016 2300 hunc
1033 2264 1167 2312 ipsum
1187 2265 1308 2301 etiam
1328 2267 1406 2302 No-

108 2317 183 2354 stri
215 2319 348 2355 locum
379 2320 626 2368 expendens,
654 2319 759 2356 istud
785 2322 842 2356 καὶ
871 2318 1017 2362 oia-taven
1041 2320 1246 2356 verissime
1281 2320 1407 2356 inter-

106 2379 294 2421 pretatur
310 2382 345 2411 et
361 2381 541 2426 tamquam
556 2378 728 2419 attoniti,
748 2381 862 2411 mente
880 2376 995 2423 capti.
1023 2376 1152 2422 Quem
1176 2375 1233 2410 ihi
1260 2377 1409 2411 Valcke-

108 2431 252 2465 narium
270 2430 498 2467 nominavit
516 2430 596 2468 Vir
615 2429 891 2473 doctissimus,
922 2429 1009 2465 cius
1031 2430 1115 2466 loco
1139 2431 1407 2479 lVesselingius

105 2489 193 2520 erat
212 2485 505 2528 nominandum
536 2485 652 2521 cuius
672 2484 838 2533 quidem
865 2484 1062 2521 sententia
1088 2485 1193 2521 haud
1226 2485 1407 2521 multum

106 2537 306 2588 discrepat
323 2541 373 2577 ab
389 2542 528 2592 qunii
545 2539 893 2589 interpretatione.
925 2537 971 2577 S.
