1718 2919
289 213 365 261 148
584 209 1334 250 ADNOTATIONES

287 315 362 350 lib.
383 317 410 351 Ι.
438 315 526 364 ¹89·
556 309 841 356 monetssssmv,
863 327 906 351 ea
926 314 968 350 in
997 315 1178 350 maculae
1196 313 1422 362 suspicione
1440 313 1581 350 nulla:

287 370 416 406 sedem
449 370 525 405 illa
553 369 697 406 habuit
725 369 772 405 ad
796 369 973 419 Tigrim,
1000 369 1044 405 in
1066 369 1263 405 Persicum
1295 369 1435 405 sinum.
1459 373 1582 405 semet

287 437 518 461 mersurum
534 451 543 464 .
566 424 673 473 apud
691 424 863 461 strabon.
883 426 990 462 XVI.
1013 437 1051 472 p.
1074 433 1187 470 1074.
1217 420 1276 474 [p.
1297 425 1388 474 739.
1407 423 1466 460 ed.
1482 419 1583 472 Cas.]

285 482 441 517 Art-ian.
469 482 564 527 Exp.
596 480 712 517 Alex.
739 481 825 516 VII.
859 482 896 517 8.
937 479 1144 516 Audiatur
1170 480 1326 524 Noster,
1363 479 1380 517 o'
1406 476 1436 517 δὲ
1460 480 1586 527 Tigris

288 533 384 582 παροὶ
397 528 507 572 ἶὨφιίν
525 533 625 572 πόλιν
650 535 719 580 ῥέων
745 534 773 577 ἐς
801 532 859 575 τῆν
882 533 1027 583 Ἐρυθρνὶν
1056 533 1243 572 θοέλοισσοιν
1268 531 1399 571 ἐκδιδοῒτ
1429 533 1582 581 quibus

287 590 423 625 eadem
456 589 606 633 ferme,
645 601 747 637 quae
781 589 846 625 hic
878 589 926 624 de
957 592 1097 638 Ampe.
1136 600 1206 625 nec
1236 588 1404 633 omnino
1437 595 1584 624 tamen.

285 648 402 694 Ampe
420 644 577 680 locatur
595 644 642 680 ad
663 644 799 680 sinum
815 643 982 692 eiusque
1003 643 1243 692 primordia,
1266 645 1354 693 Opis
1371 655 1586 691 nusquam.

286 699 415 748 Tigris
429 725 439 743 ,
468 699 500 735 si
523 700 617 735 haec
638 699 681 734 in
701 699 839 735 dextra
856 699 942 735 eius
966 699 1074 747 ripa,
1093 699 1166 734 illa
1188 699 1229 734 in
1249 699 1411 735 sinistra
1436 697 1583 741 fuerit,

286 760 359 791 aut
377 760 514 790 contra
529 783 538 799 ‚
558 753 691 802 potuit
710 760 925 803 utramque
944 753 1183 802 praeterlahi
1204 760 1325 803 atque
1338 753 1394 789 ita
1416 752 1458 788 in
1475 763 1585 788 mare

286 822 326 846 se
355 810 542 845 Rubrum
575 809 804 847 infundere.
854 813 996 858 Ampen
1023 808 1193 845 memini
1227 809 1277 844 ab
1301 808 1395 845 aliis
1418 807 1583 844 silentio

285 864 440 912 premi,
460 863 566 913 quod
588 870 719 901 tantae
734 866 946 901 Msstorum
968 863 1215 900 consensioni
1232 876 1311 900 non
1331 862 1467 900 officit.
1495 863 1583 900 Ber·

286 922 374 957 kelio
397 931 490 956 vero
512 920 671 967 lapsum
697 919 745 955 ad
766 920 940 969 Stephani
952 917 1076 962 ’‘Am-tn
1096 918 1286 955 condono.
1317 918 1448 956 WES
1461 917 1499 954 S.

339 973 446 1024 [Ibid.
479 977 657 1022 Τίγρης.
690 974 807 1011 Alibi
835 979 988 1022 Τίγρις
1017 973 1156 1022 scripsi
1184 987 1275 1010 cum
1293 971 1467 1020 Schaefi:
1491 971 1583 1009 vide

284 1028 434 1066 Adnot.
453 1029 501 1065 ad
523 1032 574 1066 V.
594 1030 638 1066 52
654 1056 663 1073 ‚
683 1043 748 1065 22.
780 1029 851 1066 Hic
879 1041 926 1065 ex
951 1029 1128 1065 eiusdem
1145 1027 1330 1076 Schaeferi
1349 1028 1409 1065 ed.
1433 1041 1466 1064 1.
1486 1033 1526 1064 et
1547 1039 1584 1064 2.

284 1085 410 1121 altera
432 1083 609 1121 adhaesit
633 1084 854 1136 scriptu-ra,
882 1097 1005 1132 quam
1035 1090 1073 1120 et
1093 1084 1167 1119 alii
1197 1095 1332 1120 omnes
1357 1089 1397 1119 et
1419 1082 1518 1119 editi
1543 1086 1584 1118 et

284 1140 424 1188 scripti
452 1136 589 1189 (quod
610 1139 776 1188 quidem
796 1137 950 1188 sciam)
973 1138 1072 1175 libri
1093 1140 1131 1175 h.
1154 1139 1182 1187 l.
1202 1144 1349 1175 tenent.
1377 1134 1446 1188 S.]

341 1207 378 1241 7.
408 1193 454 1232 τοὶ
483 1192 513 1231 δὲ
534 1191 757 1243 Ὑπεροέκρικ)
780 1194 930 1243 Attigit
948 1194 1116 1230 Eustath.
1138 1194 1181 1230 in
1202 1195 1276 1231 Od.
1298 1196 1321 1231 t.
1344 1207 1381 1241 p.
1401 1192 1498 1237 565,
1517 1191 1580 1228 50.

286 1246 458 1298 Ἡρόδοτος
480 1248 544 1292 τοὶς
566 1246 683 1297 οἵκξιοις
699 1247 819 1297 ’Άκςιοτ
843 1248 1006 1296 οὐδετέρως
1029 1251 1124 1291 &miv
1144 1250 1172 1286 ἐν
1191 1250 1260 1295 τῷ,
1295 1249 1322 1286 οἶ
1346 1251 1404 1289 μὲν
1425 1247 1512 1293 εἶχον
1532 1245 1578 1284 τοὶ

288 1306 358 1351 περὶ
377 1302 436 1345 viv
455 1302 556 1341 πόλιν
576 1306 633 1340 καὶ
652 1302 693 1341 τὲ
719 1302 841 1348 πεδίον,
858 1303 903 1342 τοὶ
925 1301 952 1340 δ’
965 1302 1146 1352 ὑπεράκρια
1165 1301 1280 1341 ἔδοσκν
1301 1305 1420 1350 Καρσί.
1452 1300 1583 1339 Attici

283 1360 475 1396 Herodoto
489 1358 866 1407 quoque‘Tn-spx'nfma
886 1359 957 1395 lib.
972 1360 999 1394 Ι.
1014 1371 1045 1394 c.
1063 1359 1124 1408 59.
1140 1359 1212 1407 qui
1228 1358 1431 1407 plerisque
1443 1357 1586 1394 dicun-

288 1419 356 1450 tur
382 1412 550 1460 Διάκριοι,
578 1413 750 1461 oppositi
769 1417 835 1457 τοῖς
853 1411 1015 1456 Πεὸὶκίοις
1032 1419 1071 1449 et
1087 1417 1152 1457 τοῖς
1172 1418 1363 1459 Hagmatan-
1395 1415 1582 1449 Errorem

284 1470 396 1518 Diog.
412 1470 538 1505 Lae'rt.
552 1470 580 1505 Ι.
599 1469 662 1505 58.
677 1467 767 1517 (ubi
783 1468 902 1505 scribi
921 1480 1082 1517 quoque
1095 1468 1262 1504 debebat
1274 1465 1448 1514 Πεδιαίων)
1464 1471 1588 1504 Mars·

285 1524 413 1560 hamus
436 1523 516 1560 iam
539 1523 723 1563 correxit.
755 1524 852 1561 Vid.
879 1526 1027 1560 Mem-sii
1048 1523 1196 1560 I'isistr.
1216 1536 1248 1560 c.
1268 1524 1304 1559 5.
1336 1523 1554 1559 VALCK.

397 1576 545 1617 CAP.
564 1576 698 1617 XXI·
731 1593 766 1615 2·
799 1578 828 1616 οἳ
848 1577 959 1616 Adon
978 1595 1013 1615 τε
1034 1581 1091 1615 καὶ
1113 1576 1286 1625 Σκίδρον
1315 1575 1436 1624 οἴκεον)
1465 1579 1584 1614 Laum

287 1634 503 1677 Lucaniae,
527 1634 805 1681 Sybaritarum
830 1633 1050 1677 coloniam,
1071 1633 1243 1682 signavit
1262 1633 1392 1669 strabo
1417 1631 1492 1668 lib.
1513 1634 1584 1670 VI.

288 1701 324 1736 p.
350 1689 439 1726 388.
455 1705 463 1731 ς
485 1688 552 1725 cui
571 1691 716 1726 Scidrus
729 1689 862 1726 vicina
882 1690 1044 1724 fortasse
1058 1688 1159 1732 fuit,
1174 1689 1355 1737 Stephano
1369 1688 1459 1738 Byz.
1478 1692 1586 1733 nota,

286 1744 424 1792 ignota
445 1744 559 1780 aliis:
587 1750 802 1792 utramque
820 1747 929 1781 Alex.
948 1746 1081 1794 Syrum.
1103 1745 1311 1780 Mazochius
1334 1743 1587 1779 Collectaneo

285 1800 317 1836 1.
342 1798 391 1834 ad
416 1800 510 1835 Tab.
537 1800 809 1835 Heracleenses
840 1812 877 1846 p.
903 1799 992 1836 503.
1023 1798 1280 1835 examinavit.
1316 1797 1583 1844 Ἀπεο-τεξκμένοι

287 1853 510 1901 Sybaritas,
535 1855 648 1890 urbis
675 1855 911 1902 possessione
933 1853 1128 1901 privatos,
1152 1859 1320 1902 spectat.
1347 1852 1584 1900 utquisque

285 1908 596 1945 animadvertit:
633 1908 899 1957 οἶπεστεξκμένοις
923 1921 1002 1943 non
1030 1908 1270 1957 indigemus.
1298 1904 1442 1946 ‘HJ-3713&
1473 1906 1582 1956 quod

285 1964 488 2011 deinceps,
504 1963 656 2011 optime
670 1965 766 2000 Tan.
779 1964 904 2008 faber,
922 1964 1228 2008 Hemsterhusius‚
1246 1963 1372 1999 Lamb.
1385 1963 1474 2007 Bos,
1485 1961 1585 1999 Viri

288 2018 484 2066 praeclari
498 2045 507 2059 ‚
525 2018 831 2055 declaraverunt
849 2019 897 2054 ad
916 2021 1069 2054 Luciani
1086 2019 1243 2054 Timon.
1263 2031 1295 2053 c.
1315 2018 1376 2063 57.
1400 2019 1457 2054 W
1470 2017 1584 2054 ESS.

344 2086 380 2119 7.
412 2071 581 2120 οἷλλνῖλῃσι
604 2072 829 2120 &unffi-amu)
865 2074 1083 2110 Amicitiae
1102 2081 1141 2110 et
1162 2073 1296 2110 mutui
1317 2071 1483 2119 hospitii
1503 2072 1584 2108 ori-

287 2128 421 2178 ginem
445 2128 654 2164 Athenaeus
684 2128 757 2164 lib.
786 2130 870 2164 XII.
899 2141 936 2175 p.
962 2129 1052 2178 519.
1081 2142 1113 2164 c.
1142 2129 1243 2164 hanc
1273 2139 1319 2163 ex
1344 2129 1489 2163 Timaeo
1516 2126 1584 2163 de·

287 2182 470 2231 scripsit:
503 2181 659 2230 Ἐφόρων
687 2179 713 2219 δ’
743 2183 770 2219 οἷ
801 2185 989 2230 Συβαρῖτκι
1013 2186 1070 2219 xxi
1097 2182 1222 2225 ἱμοέι-ιοι
1245 2183 1466 2222 Μιλησίων
1494 2182 1580 2229 ἐρίων

289 2238 506 2279 πεποιημένα·
538 2236 600 2277 do'
622 2232 662 2274 ὧν
692 2234 729 2275 323
751 2239 809 2274 καὶ
834 2241 944 2277 Φιλίου
968 2240 1042 2280 ταῖς
1068 2237 1204 2275 πόλεσιν
1227 2239 1387 2280 ἐγένοντο,
1416 2236 1455 2278 ὦς
1482 2236 1500 2273 o‘
1519 2241 1582 2273 Τι-

287 2295 388 2335 μαῖοο
406 2292 534 2338 ἱστορεῖ.
564 2294 620 2327 Ex
640 2292 755 2327 lanae
780 2292 916 2340 itaque
941 2292 1120 2328 Milesiae
1146 2305 1219 2328 usu
1240 2300 1277 2328 et
1297 2291 1383 2326 eius
1404 2302 1584 2326 conmer-

286 2346 349 2384 cio
366 2346 441 2381 illa
460 2346 669 2394 hospitalis
693 2346 949 2382 familiaritas
970 2347 1164 2394 Sybaritis
1184 2345 1450 2394 Milesiisque3
1479 2356 1584 2393 quae

288 2401 453 2450 quidem
491 2402 627 2437 Timaei
655 2401 896 2450 significatio
931 2402 1168 2438 memoriam
1201 2402 1364 2438 refricat
1392 2399 1488 2449 legis
1514 2402 1585 2435 Za-

287 2455 416 2501 leuci,
440 2454 573 2500 ἷμοὶτιον
601 2455 803 2500 ἰσομιλνὶσιον
834 2456 1017 2495 maribus
1043 2456 1217 2494 honestis
1243 2454 1516 2505 prohibentis,
1541 2458 1584 2492 et
