1718 2919
299 213 376 251 ¹7⁰
579 200 1334 244 ADNOTATIONES

294 305 337 341 di
364 305 554 354 spadones
582 313 654 344 aut
683 307 765 344 alia
794 314 904 356 parte
934 308 1089 344 manci:
1132 310 1268 357 καρπῶν
1299 308 1431 352 α’τελέες
1458 310 1594 348 eodem

297 373 406 409 posse
426 362 540 398 modo
565 362 645 400 dici
661 392 671 408 ,
698 363 878 399 nondum
894 390 904 407 ‚
928 369 973 399 ut
992 364 1149 400 credam
1166 390 1175 408 ‚
1195 364 1383 402 adducor.
1408 366 1452 400 In
1475 365 1548 403 lib.
1563 367 1596 403 1.

301 429 314 451 1
327 429 390 465 92.
410 419 474 454 τῶν
495 415 607 455 ἄλλων
627 418 738 455 {asse-xc
760 417 906 461 οἷτελέες,
927 418 976 454 de
993 418 1111 463 vicis,
1131 433 1155 454 a
1175 419 1389 456 tributorum
1402 422 1591 468 pensione,

295 471 374 508 nisi
397 472 504 520 quod
525 472 694 509 canibus
712 472 849 509 cibum
874 475 1128 521 praeberent,
1149 474 1282 511 liberis.
1316 477 1382 512 An
1405 488 1496 524 ergo
1514 492 1595 523 καρ-

294 527 366 563 πῶν
389 526 543 571 dmin,
564 530 659 578 quod
678 529 727 565 ad
740 526 932 575 fructuum
950 536 1142 577 proventus
1166 531 1317 573 attinet,
1343 544 1366 567 a
1384 530 1518 567 tributo
1538 532 1594 566 in-

297 582 456 619 munibus
477 582 497 619 ?
552 584 668 633 Quod
708 589 747 620 et
790 585 992 621 Abreschio
1036 584 1230 633 placuisse
1250 612 1259 630 ,
1305 585 1595 622 animadverto.

296 639 355 677 W
370 639 399 674 Ε
412 638 435 674 S
448 638 485 676 S.

349 693 442 729 Ibid.
473 694 558 731 ἑοῖο-ι
578 693 749 741 καρπῶν
779 691 984 741 <ia-shira)
1018 696 1151 731 Valla.-
1182 697 1212 731 si
1231 695 1360 731 Thasii
1376 692 1510 742 forent
1529 696 1595 731 im-

295 761 415 784 munes
440 749 677 784 tributorum:
705 747 749 784 in
771 749 916 785 tributi
938 750 1064 785 vicem
1089 757 1213 786 terrae
1235 747 1594 798 proventum,fru-

292 816 354 852 ges
369 833 378 847 ,
402 804 466 839 sed
493 805 614 839 vinum
641 802 684 838 in
715 804 858 852 primis
881 805 1230 854 generosissimum
1252 807 1384 841 Persae
1400 805 1593 841 videntur

293 872 318 894 a
345 859 490 896 Thasiis
519 858 730 907 accepisse3
762 860 835 908 qui
862 868 1068 909 propterea
1085 887 1094 904 ,
1128 866 1174 896 ut
1205 860 1331 903 α’τελεῖς
1362 857 1467 908 φόρων
1491 859 1591 904 alii,

293 913 349 949 sic
373 914 451 951 dici
492 920 714 962 potuerunt
749 915 885 961 κκρπῶν
917 915 1059 958 α’τελέες.
1099 915 1335 951 Thasiorum
1362 913 1594 963 aurifodinas

294 980 340 1004 ex
367 971 506 1007 Herod.
533 975 728 1006 memorat
753 970 922 1006 Eustath.
947 971 993 1007 ad
1022 972 1180 1020 Dionys.
1206 983 1260 1006 vs.
1285 970 1374 1016 517.
1403 969 1596 1007 Memine-

295 1031 396 1061 runt
422 1025 654 1061 earumdem
687 1025 854 1075 Thucyd.
886 1027 916 1063 Ι.
943 1039 1032 1062 100.
1057 1028 1264 1063 Marcellin.
1292 1025 1336 1060 in
1361 1024 1443 1061 vita
1477 1026 1593 1062 Thac.

295 1093 335 1127 Ρ.
360 1081 394 1116 5.
415 1087 452 1117 ct
471 1081 607 1117 Zenob.
625 1082 705 1117 Cen
715 1086 739 1116 t.
761 1083 830 1117 IV.
850 1082 960 1117 l‘rov.
983 1082 1048 1126 54.
1079 1084 1217 1129 Neque
1235 1093 1424 1129 agrorum
1447 1080 1595 1116 fertili-

295 1141 374 1171 tate
403 1142 556 1181 motus,
593 1147 723 1184 neque
756 1135 914 1172 insulae
942 1136 1120 1181 divitiis,
1150 1136 1392 1173 Archilochus
1420 1136 1593 1172 Thasum

293 1190 337 1226 in
358 1191 440 1227 suis
459 1203 571 1239 saepe
591 1191 841 1227 carminibus
863 1192 1008 1228 habuit
1031 1191 1279 1240 despicatui,
1300 1191 1404 1239 quod
1426 1203 1446 1227 e
1464 1190 1597 1228 diver-

292 1245 346 1282 sis
368 1246 501 1294 liquet
525 1247 695 1282 illorum
722 1246 956 1296 fragmentis
984 1247 1091 1295 apud
1112 1248 1249 1284 Athen.
1268 1248 1352 1283 XII.
1383 1259 1422 1294 p.
1446 1247 1536 1283 525.
1558 1260 1595 1283 n.

291 1302 463 1338 Eustath.
484 1302 528 1338 in
550 1302 664 1338 Iliad.
685 1299 721 1338 θ’.
754 1315 791 1349 p.
819 1302 918 1346 616‚
938 1303 1002 1347 46.
1041 1303 1228 1339 Plutarch.
1246 1302 1294 1337 de
1313 1301 1418 1339 Exil.
1440 1315 1478 1349 p.
1501 1302 1593 1346 604.

296 1370 330 1392 Β.
351 1357 447 1405 qui,
469 1357 687 1405 Ἀρχίλοχος,
717 1355 880 1405 iuquIt,
909 1359 968 1400 τῖς
987 1356 1108 1396 Θάσου
1136 1357 1181 1395 τοὶ
1206 1355 1406 1404 καρποφόροι
1425 1359 1484 1394 καὶ
1510 1353 1590 1394 οἷνέ·

293 1409 381 1449 πεδὰ
412 1413 581 1460 παρορῶν,
617 1409 671 1449 3ιεὶ
699 1410 740 1449 ro*
777 1410 886 1459 τρκχύ
921 1415 978 1449 καὶ
1015 1411 1193 1454 οἶνώ,υ.κλον
1232 1409 1363 1451 διέβαλε
1397 1410 1455 1451 viv
1487 1411 1593 1451 νῆσον.

294 1467 510 1504 VALCK.
541 1488 592 1493 —
623 1470 671 1504 Et
694 1467 890 1503 frumenti
912 1467 1025 1515 eopia
1047 1467 1279 1503 abundabat
1297 1467 1463 1511 Thasus,
1479 1472 1518 1502 et
1536 1466 1597 1502 vi-

294 1534 395 1558 num
421 1534 583 1571 quoque
609 1522 653 1557 in
686 1522 830 1571 primis
853 1523 1006 1558 celebre
1021 1523 1210 1559 Thasium
1232 1527 1330 1558 erat.
1367 1521 1438 1558 Sed
1458 1521 1597 1558 viden-

294 1583 363 1613 tur
382 1584 420 1614 et
441 1578 592 1614 fertiles
612 1577 849 1614 Thasiorum
870 1578 955 1627 agri
979 1583 1019 1614 et
1037 1578 1171 1614 vineta
1200 1578 1242 1613 in
1273 1576 1451 1625 opposita
1478 1578 1594 1613 conti-

293 1640 400 1670 nente
424 1633 468 1681 (ἓν
497 1631 637 1680 ἠπείρῳ)
669 1632 843 1669 maxime
875 1633 1019 1676 fuisse;
1048 1645 1192 1681 nempe
1219 1633 1262 1668 in
1290 1632 1480 1669 Thraciae
1506 1645 1596 1676 ora,

291 1700 394 1737 quae
411 1689 630 1725 Thasiorum
648 1688 744 1725 fuit:
764 1688 836 1736 qui
854 1702 983 1736 quum
1002 1689 1211 1725 fructuum
1231 1687 1395 1724 nomine
1412 1699 1459 1723 ex
1472 1699 1514 1724 ea
1535 1699 1594 1723 re-

290 1744 409 1792 gione
426 1750 705 1793 perceptorum
726 1755 796 1779 nee
811 1744 1009 1780 Thracum
1033 1744 1190 1793 regibus
1210 1756 1280 1779 nec
1303 1741 1426 1779 Persis
1438 1745 1596 1792 vectigal

294 1799 431 1836 ullum
456 1805 529 1835 aut
548 1799 718 1835 tributum
746 1799 984 1847 penderent,
1008 1799 1094 1836 ἐοῦσι
1116 1799 1251 1846 καρπῶν
1274 1798 1429 1846 οέτελέτι,
1451 1797 1501 1834 ad
1532 1809 1592 1835 re-

291 1853 421 1898 ditus,
440 1867 538 1903 quos
557 1869 600 1891 ex
617 1856 770 1890 metallis
793 1854 1086 1903 percipiebant,
1104 1853 1272 1903 insignis
1291 1852 1510 1901 quotannis
1525 1865 1595 1890 cu-

289 1910 431 1946 mulus
455 1921 502 1946 ex
531 1921 721 1957 agrorum
742 1909 913 1945 istorum
939 1909 1251 1958 vinetorumque
1280 1914 1475 1957 proventu
1503 1907 1591 1944 illis

291 1965 514 2002 accedebat.
543 1963 587 2003 S.

403 2018 549 2060 CAP.
570 2016 783 2058 XLVII.
812 2028 848 2063 4.
876 2020 944 2056 ἐπὶ
971 2022 1032 2058 τοῦ
1062 2017 1184 2058 Θεία-ου
1212 2015 1354 2066 τούτου)
1395 2020 1453 2055 Ex
1482 2030 1592 2055 more

291 2074 498 2123 scriptoris
511 2102 520 2120 ‚
538 2074 718 2111 stabilito
737 2074 950 2123 diligentia
975 2075 1058 2112 Cel.
1080 2076 1253 2112 Gronovii
1273 2073 1322 2110 ad
1343 2073 1418 2110 lib.
1437 2076 1509 2111 IV.
1526 2073 1594 2119 45.

291 2126 382 2180 [ubi
400 2131 588 2179 frequens
612 2130 768 2166 obtinet
788 2129 861 2165 ille
882 2143 974 2166 usus
996 2128 1302 2178 praepositionis
1322 2129 1398 2172 ἐπὶ,
1421 2135 1596 2177 praeter-

291 2197 418 2234 eaque
436 2186 484 2222 ad
506 2187 575 2223 IV.
598 2198 684 2230 107,
709 2198 742 2223 2.
774 2187 868 2229 184,
890 2198 952 2231 17.
977 2187 1066 2221 Vll.
1084 2186 1146 2230 53,
1170 2185 1230 2220 15.
1259 2185 1322 2228 (31,
1341 2196 1402 2230 17.
1422 2190 1461 2220 et
1479 2193 1542 2230 74,
1559 2196 1594 2220 2.

291 2241 519 2289 provocavit
551 2236 734 2290 Gronou.]
782 2241 841 2277 De
875 2240 1112 2277 Phoenicibus
1151 2244 1191 2275 et
1230 2239 1353 2276 Thaso
1389 2239 1592 2275 nonnulla

290 2296 366 2333 lib.
384 2299 431 2333 II.
453 2305 517 2341 44.
554 2298 746 2332 Poterunt
770 2300 906 2332 autem
935 2294 982 2333 τοὶ
1013 2296 1174 2337 μέταλλκ
1204 2291 1405 2339 Φοινικοέ,
1442 2294 1531 2340 [lin.
1555 2294 1591 2330 5.

294 2352 366 2387 ubi
386 2353 436 2388 cf.
460 2354 551 2388 Var.
568 2346 690 2401 Lect.]
715 2350 747 2387 si
772 2362 875 2399 quae
895 2350 1101 2386 necessitas
1115 2376 1124 2394 ,
1144 2355 1182 2385 et
1203 2347 1433 2386 Φόινικικοὶ
1454 2347 1592 2397 pingi,

294 2407 355 2444 uti
381 2418 493 2455 saepe
517 2406 562 2442 in
580 2406 758 2443 Strabone
780 2403 898 2448 πόλεις
916 2407 1098 2443 Φοινικικκὶ
1115 2431 1124 2448 ,
1156 2403 1264 2452 apud
1295 2403 1433 2440 Athen.
1463 2404 1591 2446 γαῦλος

295 2461 496 2506 Φοινικικὸς,
516 2461 590 2510 qui
610 2467 742 2498 tamen
763 2462 847 2498 XII.
873 2473 911 2508 p.
935 2460 1024 2499 538.
1047 2474 1084 2496 n.
1108 2459 1262 2507 πορφυροῖ
1279 2461 1337 2495 mel
1359 2457 1494 2496 Φοινικοὶ
1514 2473 1593 2506 χρυ-
