1718 2919
272 208 370 248 AD
411 207 813 247 HERODOT.
853 206 1195 257 vin.-87-89.
1309 210 1383 247 162

97 315 196 354 tiam
226 316 368 365 Trogus
401 314 587 364 infregit,
623 315 887 364 Theopompum
912 314 1012 351 forte
1041 318 1254 363 sequutus:
1292 315 1388 352 hinc

97 371 228 409 lustin.
246 372 291 407 II.
309 383 341 407 c.
369 382 428 407 12.
455 375 494 405 et
518 381 564 405 ex
583 370 721 406 Iustino
752 371 901 406 Orosius
931 382 969 416 p.
995 383 1006 403 1
1022 369 1080 405 15.
1117 369 1231 417 Quod
1255 370 1388 407 fecisse

97 428 244 464 Xerxes
265 424 414 474 legitur
433 424 539 472 apud
568 425 744 474 Polyaen.
764 425 870 461 VIII.
893 423 938 460 55
954 449 964 467 9
986 436 1021 459 2.
1045 423 1113 460 vix
1133 424 1252 460 fidem
1279 425 1388 462 inve-

100 479 201 521 niet3
223 479 354 515 classis
371 478 480 514 enim
511 479 751 526 praefectus,
772 477 900 526 ipsius
924 477 1067 514 Xerxis
1089 478 1234 524 frater9
1253 479 1296 514 in
1317 481 1389 516 hoc

97 534 287 571 conflictu
307 534 428 581 periit
449 534 612 581 λαμπρῶς
626 531 890 575 οἷγωνισσίμενοςε
906 533 1058 569 Diodor.
1074 534 1141 570 XI.
1159 546 1191 569 c.
1213 547 1225 568 1
1238 535 1272 570 8.
1290 535 1390 572 Plut.

99 590 146 624 in
172 589 307 625 Them.
332 602 370 636 p.
392 601 403 623 1
419 601 477 638 19.⁴
503 602 539 623 D.
570 588 681 635 Quae
706 586 819 634 posui
847 587 1062 623 Herodotea
1094 587 1163 623 ubi
1187 588 1296 639 dedit
1320 591 1390 625 Eu—

99 644 219 681 stath.
241 643 288 679 ad
315 642 380 680 Ἰλ.
401 641 443 682 n'.
472 642 557 691 96„
587 642 760 689 protulit
783 641 831 677 ad
863 642 935 678 hoc
967 642 1082 691 Regis
1111 642 1265 679 dictum
1291 644 1391 680 illu·

100 697 309 734 strandum
330 709 377 732 ex
391 697 512 733 Aiace
529 695 610 743 (vs.
637 693 776 744 1201.)
801 697 1001 745 Sophoclea
1020 709 1098 732 non
1119 702 1277 734 tantum
1291 725 1301 744 9
1326 699 1392 735 sed

101 752 317 789 Herodotea
343 764 444 800 quae
464 751 628 798 quidem
651 750 738 786 dari
766 757 969 798 poterant,
995 764 1077 787 uno
1099 758 1278 800 excepto,
1308 766 1393 790 om-

102 807 170 843 nia
187 819 194 839 :
215 807 428 854 Sophoclea
447 806 594 854 legerat
613 811 650 841 et
670 805 776 853 apud
797 808 936 842 Herod.
952 807 980 842 L
995 819 1079 854 cap.
1104 819 1116 841 1
1129 807 1213 852 55„
1232 811 1393 851 γυναῖκας

105 859 179 900 ἄντ’
207 859 324 908 ἀνδρῶν
355 859 460 904 ἕψεαι
487 858 689 903 γεγονόταςε
719 866 913 897 memorat
930 860 979 896 de
1000 861 1163 898 Sesostri
1181 868 1393 899 narratum

101 916 149 953 ΙΙ.
178 929 287 959 102.9
310 915 357 950 de
376 914 498 951 Persis
516 917 582 952 IX.
605 928 667 950 20.
692 921 731 950 et
755 916 840 953 106.
885 915 1009 952 Xerxi
1037 916 1259 964 praeiverat
1276 918 1394 954 Arte-

103 970 244 1016 misia,
267 970 397 1006 dicere
420 982 514 1005 ausa
546 982 679 1005 coram
713 971 834 1018 Rege,
874 970 917 1005 in
954 970 1086 1007 navali
1120 984 1252 1021 pugna
1284 977 1394 1009 tanto

105 1031 302 1073 praestare
323 1027 485 1061 Graecos
500 1025 641 1067 Persis,
665 1022 737 1062 ὅσον
764 1021 869 1072 ἄνδρες
887 1026 1060 1067 γυναικῶν.
1080 1021 1097 1075 [
1107 1039 1248 1073 supra,
1264 1039 1298 1064 c.
1312 1024 1394 1077 68]

107 1080 222 1117 Conf.
241 1081 462 1129 Diogenian.
479 1080 592 1115 Cent.
606 1081 676 1116 IV.
691 1081 799 1115 Prov.
822 1092 853 1115 1.
874 1085 913 1115 et
925 1081 1032 1116 Plato
1053 1082 1138 1130 Leg.
1155 1082 1182 1116 Ι.
1198 1094 1238 1128 p.
1255 1082 1344 1132 639.
1360 1097 1393 1120 B.

109 1136 231 1172 Cicero
255 1147 325 1182 pro
349 1134 489 1171 Milon.
506 1146 590 1181 cap.
611 1146 672 1171 21.
687 1159 696 1176 9
715 1147 925 1182 quamquam
950 1141 1104 1182 paratus
1130 1137 1168 1171 in
1197 1138 1397 1185 imparatos

108 1190 274 1234 Clodius,
295 1196 414 1225 tamen
433 1190 556 1225 mulier
569 1189 745 1225 inciderat
760 1190 799 1224 in
814 1190 923 1225 viros.
944 1191 1065 1226 Livius
1087 1189 1130 1224 in
1151 1189 1224 1226 illa
1243 1193 1396 1241 magni-

106 1245 182 1280 fica
207 1245 400 1292 παραβολῇ
426 1243 499 1279 lib.
530 1246 596 1279 IX.
620 1255 653 1279 e.
680 1256 738 1292 ις).
772 1256 849 1278 cum
866 1241 1018 1289 feminis
1044 1244 1109 1280 sibi
1134 1245 1260 1281 bellum
1277 1244 1399 1292 fuisse

104 1300 276 1343 dixisset,
306 1299 400 1347 quod
420 1299 521 1346 Epiri
545 1311 662 1347 regem
692 1298 938 1334 Alexandrum
960 1297 1244 1345 dixissefhrunt.
1287 1303 1397 1338 Prae-

108 1359 170 1389 ter
183 1352 283 1389 alios
296 1377 306 1392 9
325 1352 546 1389 Alexandri
563 1352 720 1389 Molossi
741 1352 896 1388 dictum
923 1354 1040 1388 habet
1057 1357 1107 1390 A.
1132 1355 1266 1391 Gellius
1286 1358 1397 1394 Noct-

107 1405 194 1444 Att.
213 1409 337 1444 XVII.
358 1420 377 1442 2
390 1421 442 1452 1.9
465 1421 501 1443 se
515 1409 650 1456 quidem
665 1409 713 1443 ad
729 1409 910 1444 Romanos
927 1410 977 1444 ire
993 1434 1002 1451 9
1022 1410 1123 1457 quasi
1140 1411 1178 1444 in
1197 1407 1395 1457 οἶνδρωνῒτιν,

102 1463 340 1500 >Macedonem
358 1464 427 1498 isse
445 1463 493 1498 ad
509 1464 638 1498 Persas
650 1491 658 1506 ,
687 1464 789 1511 quasi
809 1464 848 1497 in
869 1466 1105 1503 γυναικωνῖτιν.
1132 1465 1283 1500 VALC
1295 1468 1343 1502 K.

219 1514 363 1555 CAP.
380 1514 647 1555 LXXXIX.
667 1529 700 1552 2.
724 1515 953 1564 Ἀριαβίγνης)
975 1516 1054 1564 Qui
1078 1517 1141 1553 hic
1160 1519 1399 1569 Ariabignes‚

108 1571 225 1608 Darii
246 1571 304 1607 fil.
320 1598 330 1615 9
356 1572 552 1608 Plutarcho
573 1570 813 1607 inThemist.
839 1584 922 1619 pag.
948 1584 958 1605 1
976 1584 987 1605 1
1001 1585 1036 1620 9.
1054 1586 1090 1608 D.
1111 1578 1149 1608 et
1167 1575 1278 1610 Tom.
1293 1577 1339 1612 II.
1360 1590 1401 1624 p.

111 1628 203 1671 488.
226 1640 257 1661 F.
289 1628 520 1671 Ariamenes,
547 1637 676 1674 neque
703 1625 810 1661 alius
838 1637 882 1661 ac
902 1627 1151 1664 Artohazanes
1173 1629 1306 1665 Nostri
1326 1631 1400 1669 lib.

110 1682 198 1719 VII.
220 1694 257 1716 2.
277 1680 509 1717 confusione
530 1681 648 1717 mira.
673 1680 853 1716 WESS.

170 1736 207 1771 6.
229 1738 286 1772 καὶ
306 1733 355 1778 ,uri
383 1735 410 1772 ἐν
434 1736 546 1783 χειρῶν
568 1734 656 1782 νόμῳ
674 1731 692 1784 )
724 1734 890 1771 Memini
912 1737 1073 1773 Diodoro
1094 1737 1290 1787 adscripta
1324 1741 1397 1779 lib.

111 1792 182 1828 IV.
206 1790 267 1827 32.
308 1789 480 1826 Mutavit
501 1790 717 1826 dictionem
745 1791 898 1825 Auctor
928 1791 1023 1826 libri
1055 1795 1099 1828 Il.
1119 1794 1288 1831 Maccab,
1317 1808 1402 1844 cap.

115 1846 136 1882 5
151 1872 162 1890 ,
187 1854 246 1889 14.
265 1844 424 1892 quando
441 1845 571 1889 tribus,
590 1845 666 1888 ait,
687 1844 803 1880 diebus
824 1848 1013 1894 octoginta
1034 1849 1147 1883 millia
1166 1845 1399 1897 διεφθάρησαν,

111 1901 264 1946 τέσσαρες
283 1902 341 1941 μὲν
372 1899 400 1936 ἐν
432 1900 544 1946 χειρῶν
573 1903 706 1941 νομαῖς-τ
734 1908 772 1934 et
796 1900 866 1935 lib.
888 1902 950 1936 lll-
973 1914 1058 1948 cap.
1091 1915 1102 1936 1
1121 1928 1130 1945 9
1166 1904 1199 1938 5-
1229 1907 1287 1940 κκῖ
1319 1903 1402 1942 εἴτ-ω

113 1954 228 1993 συνέβη
255 1952 331 1995 τούς
359 1952 563 1995 α’ντιπᾱέλους
590 1955 617 1990 ἐν
649 1957 860 2000 χειρονομίκις
888 1951 1123 2002 ἓικφέκςῆνκιτ
1156 1957 1225 1992 ubi
1256 1960 1404 1997 Grotius

112 2008 142 2051 ἓν
169 2005 649 2055 xpswvoffiiu159frustillatim
669 2010 839 2056 discerpi,
871 2010 975 2056 quod
1010 2012 1244 2058 nuperrime
1268 2015 1405 2050 Houbi-

112 2065 263 2112 gcmtio,
298 2062 410 2098 docto
438 2063 550 2105 viI-09
580 2063 791 2110 displicuit
823 2064 1098 2108 vehementem
1134 2078 1262 2114 neque
1294 2069 1404 2104 enim

111 2117 199 2164 ,pati
216 2117 258 2152 id
281 2119 422 2154 Graeca
446 2129 570 2165 posse:
594 2117 694 2165 ipse9
724 2132 871 2166 quorum
888 2121 1136 2168 quadraginta
1152 2123 1292 2169 praeda
1314 2126 1407 2160 mili-

115 2178 191 2208 tum
206 2169 325 2218 fuere.
355 2175 432 2220 Ego
458 2184 550 2208 vero
573 2172 726 2208 edoceri
756 2173 895 2221 gestio,
926 2175 952 2210 ἐν
983 2176 1095 2222 χειρῶν
1125 2180 1238 2217 νομαῖς
1266 2174 1406 2220 διαφθει-

112 2227 208 2274 ρῖἷνκι
244 2227 428 2273 praedam
462 2239 539 2262 esse
573 2227 756 2262 militum
794 2239 901 2274 posse
917 2255 926 2272 9
962 2229 1142 2277 quidque
1179 2231 1308 2266 verbis
1341 2232 1406 2278 οὐχ

118 2275 214 2321 ἧττον
241 2281 305 2317 τῶν
341 2281 553 2322 {emmau-{mv
588 2280 770 2329 ἐπράθησαν
804 2282 948 2329 prioris
973 2283 1075 2327 loci,
1111 2290 1149 2319 et
1180 2286 1408 2331 posterioris

117 2333 262 2377 «πολλοὺς
282 2332 312 2372 δὲ
339 2337 396 2371 καὶ
428 2333 643 2380 δορυαλώτους
670 2338 896 2376 evah-affixum
932 2343 1017 2373 tum
1048 2338 1305 2376 faciendum?
1332 2342 1408 2376 Illa

115 2389 281 2424 demum
304 2391 479 2437 praedam
508 2396 689 2437 ponunt,
717 2397 842 2426 cetera
873 2391 1111 2428 miserorum
1140 2408 1280 2438 necem,-
1318 2397 1411 2431 Gro-

118 2445 243 2491 tiique
270 2444 386 2487 adeo9
415 2444 447 2479 si
481 2445 581 2492 quid
615 2445 880 2491 mutandum,
915 2447 1162 2483 laudabilior
1189 2460 1318 2496 opera.
1354 2453 1409 2486 Ex

172 2500 350 2537 Herodot.
368 2500 412 2537 T.
433 2500 499 2536 VI.
514 2500 558 2536 P.
572 2500 623 2537 II.
1116 2504 1147 2538 L
