1718 2919
271 259 364 298 AD
403 257 786 298 HERODOT.
829 258 913 298 VI.
949 257 1160 300 103-105.
1283 262 1361 301 225

76 363 179 413 239,
202 363 284 408 16.‚
315 363 357 406 ὥς
377 363 456 411 παρ’
489 361 651 412 Ἡξιὸίτῳ
687 362 828 412 Hafa-‚⁵025
861 363 879 401 ὅ
913 362 986 401 dno*
1016 365 1183 411 πατρικοῦ
1216 361 1366 403 α’δελῶωῖ

71 418 182 459 Setae,
211 417 294 455 οὕτω
315 419 366 455 νῦν
396 416 490 468 (Ἰλ.
510 418 556 459 β’.
582 417 696 463 (361.)
729 418 748 456 o‘
775 416 849 455 κ’πδ
876 420 1057 462 μκτρικοῦ,
1090 417 1243 466 Μέτρως.
1285 422 1365 455 Hae

70 472 193 508 etiam
214 472 256 507 in
275 484 366 508 voce
386 473 462 509 sibi
483 480 634 509 constat
656 475 864 510 Herodotus
887 473 957 508 lib.
975 475 1019 508 Il.
1039 486 1071 509 c.
1095 473 1182 509 133.
1211 475 1279 510 IV.
1300 475 1362 520 76.

68 529 158 564 Vll.
184 540 244 563 10.
273 529 316 563 In
336 527 397 563 his
417 528 561 564 nostris
585 540 732 564 errasse
754 529 930 563 'I'homam
956 530 1110 576 Magist.
1137 529 1168 564 Ι.
1189 530 1361 578 Rutgers.

71 582 243 618 ostendit
269 584 365 619 Var.
392 585 491 619 Lect.
517 596 602 631 pag.
630 584 693 620 53.
726 584 938 619 VALCK.

180 634 325 675 CAP-
347 634 481 675 CIV.
504 640 540 674 8.
560 641 630 675 καὶ
654 636 722 675 ὖπδ
742 633 974 685 δικαστήριον)
999 636 1148 674 Addita
1172 649 1218 673 ex
1240 639 1360 679 Codd,

70 692 215 739 copula
251 704 472 727 sermonem
488 718 498 735 7
537 692 727 728 nonnihil
760 699 873 728 antea
917 692 1103 727 hiulcum
1124 718 1134 735 ‚
1173 692 1364 732 instruxi.

71 745 185 793 Quod
209 746 390 793 proxime
410 753 542 783 autem
562 744 645 797 [lin.
666 743 719 796 7.]
737 747 909 784 τεενθεῦτέν
929 762 1000 787 μιν
1028 747 1055 783 οἵ
1073 747 1196 794 ἐχθροὶ,
1228 747 1272 783 in
1293 753 1364 792 μὲν

69 799 176 836 docti
200 801 279 836 viri
311 801 536 849 suspicione
564 814 795 839 conversum
826 801 1013 845 memini,
1044 802 1238 849 quoniam
1260 803 1364 841 αότέν

69 853 258 898 οἷγαγέιτες
285 858 558 904 consequitur.
596 857 789 894 Eiicerem
819 867 886 905 ego
908 856 1101 904 posterius
1123 857 1256 904 potius
1288 859 1364 895 fide

66 910 284 945 eorundem
315 910 516 948 librorum
532 939 541 957 9
563 913 594 948 si
618 924 721 960 quae
739 911 795 947 rei
816 911 1023 948 necessitas
1039 928 1045 953 ς
1064 912 1198 959 qualis
1219 912 1263 948 in
1291 916 1366 950 He-

67 964 227 1001 rodotea
249 965 513 1003 redundantia
534 973 571 1003 et
589 967 763 1003 aliorum
789 967 919 1002 nulla.
950 967 1098 1003 Confer
1112 968 1275 1004 Diodoro
1296 969 1365 1004 ad·

68 1019 194 1066 posita
225 1020 299 1056 lib.
327 1022 355 1057 Ι.
388 1035 452 1069 97.
482 1023 552 1058 IV.
583 1023 646 1072 59.
677 1022 855 1060 WESS.

176 1071 319 1112 CAP.
336 1073 442 1113 CV.
464 1089 499 1112 2.
526 1074 844 1125 Φειδιππίδην)
871 1077 981 1113 Corn.
1004 1077 1126 1125 Nepos
1147 1078 1362 1124 expressit,

65 1129 391 1178 Philippidem
404 1145 467 1179 que
497 1145 676 1167 cursorem
711 1133 782 1167 eius
812 1133 975 1180 generis,
1011 1135 1070 1180 qui
1105 1132 1363 1170 hemerodromi

61 1192 260 1228 voc-antur,-
289 1185 358 1220 ubi
382 1185 424 1220 in
455 1186 648 1230 cursoris,
680 1198 839 1234 prorsus
862 1186 922 1222 uti
953 1185 1039 1229 hic,
1073 1187 1238 1222 nomine
1261 1188 1362 1224 libri

63 1250 144 1274 non
174 1240 426 1287 conspirant,
457 1242 703 1290 Phidippidem
732 1241 883 1278 dantes.
929 1242 972 1276 In
1004 1242 1147 1277 Polluce
1175 1244 1239 1278 ΙΙΙ.
1272 1245 1361 1288 148.

63 1291 264 1336 Φιλιππίδης
295 1292 528 1342 νῖμεροὸςόμος,
564 1297 681 1340 hinc,
702 1296 869 1344 opinor,
894 1302 1097 1343 acceptus:
1133 1297 1267 1332 eadem
1287 1300 1361 1334 Lu-

60 1349 157 1384 ciani
174 1350 373 1396 scriptura
393 1352 434 1386 T.
454 1352 481 1386 Ι.
503 1364 613 1397 727.,
634 1353 731 1389 Plus.
753 1351 920 1400 Malign.
950 1364 987 1398 p.
1009 1352 1098 1386 862.
1121 1365 1179 1395 A.,
1198 1353 1359 1390 Pausan.

60 1403 91 1439 Ι.
112 1405 194 1448 28.,
213 1404 358 1440 Libanii
376 1407 417 1440 T.
441 1407 470 1442 Ι.
491 1420 528 1454 p.
556 1407 666 1446 1580
696 1408 806 1443 Plinii
827 1406 924 1443 Hist.
949 1408 998 1442 N.
1018 1408 1104 1442 Vll.
1128 1420 1214 1450 20„
1244 1411 1360 1444 Sebini

59 1457 195 1505 Polyh.
216 1470 249 1494 c,
273 1472 306 1495 1.
334 1462 421 1496 Non
445 1473 507 1497 me
530 1462 632 1497 clam
658 1468 736 1503 est,
767 1461 888 1497 Viros
914 1461 1010 1497 clar.
1039 1463 1253 1497 Salmasium
1272 1464 1360 1500 Pal-

59 1515 284 1561 meriumque
311 1512 519 1556 Φειδιππίδην
544 1516 697 1564 ubique
721 1517 920 1564 praeferre
946 1517 995 1551 ob
1020 1517 1200 1552 Herodoti
1228 1529 1359 1553 exem-

59 1568 200 1614 plum:
233 1575 274 1604 at
301 1569 474 1605 dubium
505 1571 611 1607 illud
643 1577 710 1607 est.
740 1571 934 1607 Retinebo
960 1577 1111 1615 tamen,
1138 1571 1253 1608 valde
1277 1585 1358 1609 me-

59 1628 176 1658 tuens
191 1623 238 1659 de
253 1624 413 1672 explora
422 1630 455 1660 ta
474 1626 704 1673 scriptionis
721 1626 807 1661 eius
819 1625 986 1662 veritate
998 1653 1007 1660 .
1030 1623 1251 1665 Φειδιππίδνιν.
1280 1630 1357 1664 He-

59 1679 319 1722 merodromos,
337 1678 372 1716 ου’
391 1682 571 1726 χρωμένους
591 1679 782 1721 &vaginam
803 1682 830 1717 ἐν
852 1683 925 1722 ταῖς
945 1678 1045 1723 δὲοῖς,
1068 1683 1255 1718 Musonius
1277 1682 1356 1719 οἰνω-

56 1729 215 1772 ποὲηο-ίκν
239 1733 470 1770 collaudans
491 1736 533 1770 in
553 1736 652 1772 Stob.
673 1737 797 1772 Serm.
815 1737 842 1771 I.
861 1748 900 1783 p.
923 1737 982 1771 18.
996 1761 1005 1779 ‚
1029 1735 1257 1772 testimonio
1276 1749 1354 1773 esse

55 1786 207 1823 voluit:
233 1789 352 1836 plura
370 1788 418 1824 de
433 1789 574 1826 iisdem
591 1798 630 1826 et
645 1790 840 1839 elegantia
856 1796 968 1826 vetus
984 1789 1156 1837 scriptor
1173 1791 1216 1826 in
1231 1790 1353 1841 Steph.

57 1841 196 1878 Sched.
212 1846 280 1880 VI.
304 1857 339 1881 2.
366 1846 497 1881 WES
511 1846 547 1882 S.

112 1909 148 1942 7.
176 1896 369 1937 Ἀθηναίοισι
401 1901 555 1937 κελεῦσαι
590 1896 838 1949 ἅπαγγεῖλκι)
868 1899 1011 1937 Eadem
1046 1900 1141 1935 hinc
1176 1900 1224 1936 de
1250 1903 1351 1938 Pane

56 1958 194 1987 narrat
213 1953 372 1989 Pausan.
391 1956 417 1990 Ι.
441 1967 478 2002 p.
500 1955 563 1990 (38.
587 1955 739 1990 similia
761 1956 902 1991 Suidas
928 1955 970 1990 in
991 1955 1143 1997 Ἱππίας.
1182 1956 1307 2001 Huic⁷
1327 1970 1349 1993 a

53 2005 237 2042 Miltiade
271 2008 401 2044 forsan
432 2010 692 2058 excogitatae,
727 2010 859 2045 fraudi
892 2010 1068 2046 similem
1101 2018 1350 2048 commentus

55 2066 112 2095 est
129 2062 312 2107 Pericles,
340 2071 541 2100 narratam
570 2066 747 2101 frontino
771 2066 937 2113 Stratag.
958 2068 985 2101 l.
1007 2078 1091 2113 cap.
1113 2079 1174 2110 Χῖ,
1202 2079 1262 2102 10.
1302 2069 1350 2103 Et

56 2115 203 2150 summi
222 2116 339 2154 duces
357 2119 627 2155 Archidamus
642 2147 650 2163 7
675 2120 902 2169 Agesilaus,
924 2121 1240 2167 Epaminondas,
1266 2122 1351 2169 ple-

55 2167 117 2203 bis
142 2172 422 2217 superstitione
448 2175 618 2210 scienter
645 2176 837 2224 leguntur
860 2176 933 2211 usi.
973 2176 1148 2224 Tegeatis
1170 2189 1250 2211 non
1272 2177 1349 2211 mi-

55 2235 131 2258 nus
151 2237 270 2272 quam
297 2229 611 2265 Atheniensibus
629 2230 747 2266 istam
768 2231 882 2266 Panis
905 2230 1199 2278 adparitionem
1220 2231 1347 2267 visam

53 2276 175 2314 fuisse
193 2291 324 2317 veram
345 2295 391 2320 ex
412 2285 616 2321 Pausaniae
634 2292 785 2322 constat
804 2285 947 2322 Arcad.
970 2299 1006 2333 p.
1029 2299 1118 2333 7¹0·
1160 2288 1205 2322 In
1225 2287 1346 2322 schol.

53 2339 154 2369 msto
172 2334 219 2369 ad
233 2338 406 2375 Aristidis
424 2341 638 2377 Panathen.
668 2341 941 2388 Philippidae,
970 2352 1035 2377 seu
1059 2341 1342 2388 Phidippidae‚

51 2385 196 2423 dixisse
224 2389 354 2427 fertur
384 2395 484 2429 Pan.-
514 2393 564 2431 ἵῖι
593 2397 638 2444 τῇ
657 2395 758 2444 mizy-
779 2398 980 2443 παρέσομαι·
1012 2397 1080 2433 εἰπὲ
1106 2393 1136 2432 3}
1168 2395 1343 2438 Ἀθκνκίσις

49 2443 155 2489 τιμξῖν
175 2459 229 2486 με.
260 2446 361 2482 Huic
379 2461 539 2497 quoque
563 2450 702 2487 divino
722 2450 850 2486 iussui
882 2451 1056 2486 libenter
1081 2451 1342 2486 Athenienses

48 2497 168 2533 rebus
187 2501 413 2547 compositis
431 2506 711 2543 obsecundasse
732 2506 844 2542 docet
861 2507 1000 2542 Herod.
1031 2502 1118 2555 [lin.
1145 2518 1157 2540 1
1171 2502 1232 2554 2.]
1261 2502 1343 2552 {3525-

100 2553 279 2591 Herodot.
299 2557 342 2592 T.
363 2559 427 2594 VJ.
447 2560 489 2596 P.
504 2561 537 2596 I.
1046 2563 1070 2595 P
