1718 2919
374 253 471 293 AD
511 252 917 292 HERODOT.
954 252 1197 292 V.28-31.
1373 260 1422 298 27

139 362 242 408 Susp.
266 359 394 394 Tutor.
430 359 519 395 Non
550 357 648 394 addo
671 357 714 393 in
744 369 804 402 re,
833 370 907 393 usu
934 367 1045 403 saepe
1073 355 1248 403 cognita,
1273 354 1426 390 Luciani

141 415 275 463 Epigr·
294 412 399 461 apud
417 413 515 449 Stoh.
540 413 664 449 Serm.
683 415 774 450 XV.
797 425 837 460 p.
867 411 954 448 152.
977 411 1157 449 WESS.

252 464 392 506 CAP·
412 465 563 506 XXX.
587 480 623 503 2.
643 464 748 514 ἄνδρες
762 467 826 504 τῶν
844 466 1007 511 παχέω
1021 462 1061 513 ν)
1090 466 1210 512 Saepe
1237 466 1360 508 παχεῖς
1382 463 1424 497 in

143 521 266 559 Musis
287 523 453 565 ditiores,
477 535 650 570 quorum
672 519 771 563 ὄλβος
798 519 886 563 οἴγειν
904 519 1101 565 παχυνθεὶς,
1123 521 1307 568 opulentia
1324 519 1428 553 valde

143 590 362 613 crassescens
376 603 385 621 ‚
408 577 467 613 uti
487 577 660 626 graviter
677 576 878 621 Aeschylus
893 587 966 611 v11.
979 580 1105 610 contr.
1123 574 1244 611 Theb.
1260 585 1314 610 vs-
1336 585 1426 618 777.

146 633 291 668 Contra
311 631 485 667 aliorum
513 644 586 667 usu
607 632 633 668 οἱ
656 634 799 675 παχεῖς,
823 640 998 678 quorum
1018 640 1129 665 mens
1154 627 1275 677 (sive,
1294 639 1341 663 ex
1361 628 1427 663 Sa-

144 686 222 722 cris
234 686 392 723 Litteris
402 713 411 730 ,
425 682 557 733 καρδία)
572 685 740 731 ἐπαχύνθη
750 711 759 729 ,
771 684 905 721 stolidi
922 695 1128 732 crassoque
1139 684 1213 719 sub
1226 686 1314 719 a'e're
1327 681 1426 718 nati.

144 742 264 777 Culte
282 741 329 776 de
348 741 408 776 his
434 740 621 776 omnibus
641 741 702 777 Cl.
722 741 964 776 Schultensius
984 738 1028 774 in
1047 741 1230 775 Salomon.
1262 738 1372 774 Prov.
1393 748 1427 772 c.

142 809 235 840 xiv,
261 805 322 839 24.
353 795 530 833 WESS.

207 863 266 885 11.
296 848 430 892 ἓύναμίν
455 849 587 892 τινα)
611 852 848 899 Aliquantum
871 850 1073 897 copiarum;
1101 849 1226 884 Valla.
1246 848 1316 883 Fac
1345 851 1429 882 tan-

143 904 284 940 tillum
326 904 482 952 petiisse
520 904 726 951 copiarum
744 931 753 949 ,
798 903 870 952 qui
914 907 1128 948 noverant,
1171 902 1426 945 ὀκτακιτχιλίκν

143 956 272 996 dmi&
306 959 457 1002 Ναξίοις-ι
490 957 591 1000 εἷνκι,
636 959 741 995 unde
772 958 929 994 tandem
961 958 1192 1006 pendebunt
1221 955 1428 1004 sequentia

144 1016 202 1051 καὶ
231 1015 410 1051 κατέλθῡιεν
432 1013 459 1054 ἔς
485 1011 542 1053 τήν
565 1014 720 1051 ἕωῦτῶν9
746 1026 795 1049 an
818 1014 867 1049 ab
886 1011 1000 1050 ἐδέοντο
1016 1020 1031 1048 ?
1057 1015 1145 1050 Non
1168 1010 1334 1059 opinor:
1362 1023 1429 1046 vo·

142 1068 276 1103 culam
296 1084 369 1105 rma
389 1073 589 1103 mutemus
615 1068 657 1103 in
677 1069 746 1105 ἰ’νοιε
777 1075 821 1104 ut
844 1069 977 1104 exules
996 1066 1115 1104 Naxii
1139 1065 1316 1116 rogarint
1333 1065 1428 1101 Ari-

141 1128 356 1171 stagoram7
390 1122 421 1159 εἴ
440 1138 504 1164 κως
537 1121 666 1159 αότοῒσι
697 1121 870 1170 nupia-xm
905 1120 1061 1164 δύναμιν,
1091 1121 1161 1159 ἵνα
1186 1121 1366 1158 xxi-{Moten-
1398 1119 1427 1161 ἐς

146 1176 204 1217 riv
231 1177 378 1219 ἓωϋι-ὤν,
409 1179 578 1213 vellet-ne
610 1178 675 1213 sibi
697 1180 818 1226 copias
847 1179 952 1221 dare,
982 1184 1020 1212 ut
1048 1179 1086 1212 in
1100 1178 1263 1225 patriam
1280 1180 1429 1224 possent

142 1234 307 1269 restitui:
331 1243 422 1267 voce
447 1231 681 1279 depravata,
710 1235 767 1269 m)
797 1231 1010 1269 necessario
1038 1231 1203 1267 debebat
1228 1229 1427 1265 interseri.

141 1286 395 1334 Saepissime,
423 1287 583 1334 quando
610 1287 807 1335 praecedit
834 1288 880 1335 εἰ,
913 1287 1138 1323 subiectum
1163 1285 1216 1322 ‘lvx
1241 1283 1429 1333 iungitur

142 1341 342 1389 optativo:
375 1353 525 1377 necesse
557 1354 636 1377 non
671 1342 847 1378 arbitror
880 1348 925 1378 ut
954 1341 997 1378 in
1020 1352 1106 1376 eam
1134 1352 1216 1376 rem
1246 1339 1428 1386 exempla

142 1408 360 1445 congeram.
390 1398 440 1432 Ut
466 1396 536 1431 hoc
562 1402 737 1444 tempore
756 1397 883 1444 plebis
906 1396 1061 1432 iniuria
1081 1394 1303 1433 Naxiorum
1325 1393 1429 1441 opti-

143 1457 263 1486 mates
286 1463 354 1498 per
378 1450 611 1487 seditionem
633 1464 652 1487 e
676 1452 803 1499 patria
833 1452 944 1487 fuere
969 1450 1121 1499 fugati,
1151 1449 1299 1485 similis
1327 1448 1428 1484 sedi-

144 1505 200 1542 tio
226 1505 520 1554 quinquaginta
550 1507 710 1542 circiter
737 1506 853 1542 annis
883 1513 975 1542 ante
1003 1509 1160 1543 ‘Naxum
1190 1504 1428 1553 agitaverat,

143 1573 264 1608 quam
286 1572 332 1595 ex
351 1563 560 1597 Aristotelis
587 1563 682 1609 Rop.
702 1562 923 1599 Naxiorum
951 1566 1087 1596 narrat
1107 1560 1243 1596 Athen.
1264 1560 1367 1594 VIII.
1387 1571 1423 1605 p.

148 1615 239 1658 548.
260 1629 292 1650 Ρ»-
318 1616 468 1653 VALC
482 1618 529 1651 K.
554 1637 602 1641 -—
637 1616 813 1663 Speciosa
835 1630 858 1652 u
868 1616 977 1664 tique
998 1615 1077 1651 viri
1098 1612 1316 1650 doctissimi
1337 1625 1429 1648 con-

143 1668 312 1710 iectura;
333 1681 434 1717 qnae
452 1675 580 1704 tamen
597 1697 605 1713 ,
625 1684 752 1718 quum
776 1672 941 1706 nullum
961 1671 1004 1705 in
1024 1670 1141 1705 libris
1158 1667 1427 1716 patrocinium

143 1723 343 1769 inveniat,
364 1736 574 1772 quumque
595 1725 726 1760 locum
752 1726 856 1761 tueri
884 1727 1044 1774 vulgata
1066 1723 1264 1771 scriptura
1286 1722 1428 1770 possit,

140 1777 185 1813 in
207 1785 436 1814 contextum
455 1780 504 1814 ab
523 1779 682 1816 Editore
707 1780 831 1828 recipi
858 1793 937 1816 non
957 1779 1112 1815 debuit.
1138 1777 1183 1815 S.

201 1846 264 1869 22.
294 1835 356 1870 τῶν
378 1830 402 1869 δ’
423 1833 662 1871 ἐπιθκλαςσ-ίων
682 1836 764 1871 τῶν
784 1836 819 1871 ἐν
838 1836 893 1882 τῇ
911 1832 1057 1881 Ἀσίῃ)
1078 1833 1231 1869 Ultima
1255 1831 1430 1879 pruden-

143 1892 204 1924 ter
224 1893 262 1924 et
282 1888 564 1935 circumspecte
588 1889 734 1925 addita.
761 1890 931 1925 Dederat
956 1900 1046 1924 orae
1066 1887 1292 1923 maritimae
1320 1899 1430 1934 prae-

144 1942 294 1978 sectum
321 1944 489 1979 Otanem
514 1956 598 1991 cap.
622 1944 708 1981 25.,
734 1944 820 1980 eius
844 1945 1089 1992 praefectura
1117 1954 1229 1990 eopse
1254 1948 1428 1989 tempore

144 1997 397 2047 fungentem:
435 2009 574 2034 verum
605 1998 649 2033 in
675 1998 839 2035 Thracia
873 1999 967 2043 illa,
995 2004 1115 2046 atque
1146 1998 1172 2034 ἐν
1202 1997 1246 2045 τῇ
1274 1994 1428 2043 Εὐρώπῃ.

143 2051 216 2088 Hic
239 2053 509 2100 Artaphernes
541 2053 703 2089 Asiam.
732 2054 776 2089 in
808 2055 1007 2103 Aegaeum
1037 2058 1256 2100 porrectam
1295 2062 1428 2095 mare,

146 2107 386 2153 procuravit.
415 2109 523 2151 Duo,
554 2106 789 2144 florentibus
810 2111 1015 2144 Persarum
1035 2109 1151 2143 rebus
1166 2133 1175 2151 ,
1196 2117 1286 2142 orae
1307 2105 1429 2141 mari-

146 2161 266 2197 timae
291 2161 480 2198 vi-:lentur
503 2162 714 2210 praepositi
742 2164 879 2207 fuisse,
910 2166 1135 2210 Europaeae
1153 2166 1193 2196 et
1209 2159 1427 2197 Asiaticae:

146 2215 245 2251 hanc
270 2216 490 2264 Hydarnes,
521 2224 707 2265 regnante
729 2221 875 2255 Xerxe.
901 2218 978 2254 sibi
1008 2217 1236 2252 iniunctam
1262 2214 1428 2260 habuit,

147 2269 222 2306 lib.
241 2272 324 2308 VII.
363 2271 450 2307 155.
477 2272 681 2323 Thucydidi
714 2272 899 2320 στξκτκγές
924 2274 987 2310 τῶν
1017 2270 1111 2308 κοέτω
1139 2270 1280 2306 audire
1308 2270 1427 2313 solet,

147 2324 281 2371 qualis
295 2325 568 2373 Tissaphernes
594 2326 634 2362 in
663 2327 749 2363 eius
772 2328 844 2364 lib.
875 2329 977 2364 Vin.
1011 2328 1043 2363 5.
1080 2326 1258 2363 WESS.

255 2377 398 2417 CAP.
415 2379 596 2418 XXXI.
627 2394 660 2416 2.
691 2381 731 2423 ὦς
759 2380 873 2425 Νάξος
899 2382 943 2421 εἴη
969 2379 1110 2428 νῆσος)
1139 2380 1316 2417 Laudare
1347 2391 1425 2413 non

147 2432 267 2468 debeo
299 2433 445 2470 codices
477 2447 497 2471 e
524 2435 672 2484 quibus
700 2437 791 2479 υἷα-ος
816 2437 965 2471 exulat.
1009 2437 1142 2471 Persae
1169 2447 1260 2470 cum
1292 2434 1428 2481 Cycla-

143 2487 242 2523 dum
267 2488 492 2525 insularum
514 2491 669 2527 nullam
694 2497 873 2528 tenerent
895 2491 1049 2527 ditione
1064 2518 1073 2535 7
1093 2490 1166 2539 qui
1186 2488 1318 2538 potuit
1335 2487 1429 2525 Ari-
