1718 2919
0 1576 4 1642 ἔ

239 203 338 242 ΑΙ)
381 201 783 241 HERODOT.
814 202 933 242 VII.
966 203 1058 241 206.
1093 214 1185 252 2⁰7·
1253 259 1257 263 .
1309 205 1358 253 37

73 309 355 356 Thermopylas
373 307 563 356 opinione
592 306 712 343 citius
742 307 824 342 fuit
851 311 1029 353 peracta,
1060 310 1098 342 et
1125 307 1198 342 sub
1225 305 1360 353 ipsum

73 363 240 412 quidem
258 363 448 398 ludorum
480 368 652 409 tempus:
685 374 776 397 nam
805 361 991 410 perfugae
1011 372 1057 395 ex
1079 372 1122 397 ea
1147 360 1257 396 clade
1279 362 1360 396 Ar—

76 417 187 454 cades
200 444 211 461 ,
242 418 409 468 Olympia
432 431 508 453 cum
528 419 676 452 maxime
702 417 891 460 celebrari,
916 417 1152 468 gymnicaque
1168 429 1191 451 a
1212 416 1359 452 Graecis

74 473 231 521 spectari
261 474 482 516 certamina,
518 470 782 519 rogitantibus
809 470 932 506 Persis
964 470 1224 517 respondent,
1256 472 1358 506 VIII.

77 527 144 563 26.
175 525 284 574 Quin
305 525 599 573 Peloponnesii,
624 525 760 562 audita
783 524 975 561 Leonidae
994 535 1086 559 nece
1100 550 1109 567 ‚
1130 524 1200 559 ubi
1222 525 1360 560 Carnia

75 587 117 618 et
139 582 309 632 Olympia
331 580 636 628 praeterierant,
658 580 881 630 frequentes
900 579 947 614 ad
971 579 1165 615 Isthmum
1186 578 1264 614 iter
1279 591 1360 614 ma-

77 641 293 679 turarunt,
313 634 410 671 ibid.
433 648 516 683 cap.
536 648 598 681 72.
627 637 762 682 Atque
780 634 872 669 haec
889 633 937 669 de
953 640 1141 681 tempore.
1171 634 1358 669 Ceterum

78 690 273 728 ἐνενῶντο
303 695 340 724 et
376 687 610 727 διενενῶντο
647 687 733 739 [lin.
762 691 796 725 8.
824 694 862 724 et
893 684 976 738 12.]
997 700 1066 735 pro
1098 687 1249 724 diversa
1279 687 1383 722 for-·

77 743 217 780 mandi
251 744 404 781 ratione
434 744 561 780 alium
600 744 741 779 habere
769 750 907 779 tonum
943 748 1124 789 possunt,
1166 741 1359 790 pingique

79 799 216 836 ἐνένωντο
237 806 275 834 et
293 792 487 843 διενένωντοζ
512 798 703 848 Sylburgio
726 804 907 834 accurate
926 798 1087 833 docente
1111 796 1157 832 ad
1187 797 1358 834 Clenardi

80 855 298 890 Grammat.
318 866 354 900 p.
373 854 462 896 475.
490 854 616 900 Supra
636 854 707 889 lib.
727 855 755 889 Ι.
778 866 840 899 77.
863 852 997 889 ἐνένωτο.
1013 852 1145 889 WES
1157 852 1194 888 S.

189 906 332 947 CAP-
362 905 567 946 CCVII.
586 908 621 943 6.
642 909 770 954 Λοκρῶν
792 904 1198 954 περισπερχεόντων
1215 905 1260 953 τῇ
1274 904 1358 948 γνώ-

78 977 127 1008 μῃ
149 961 280 1010 ταύτῃ)
309 964 360 998 Ut
380 962 524 998 centies
553 963 673 1006 alibi,
699 962 764 997 hic
789 972 949 1009 quoque
976 961 1114 996 literae
1135 966 1198 997 ΘΕ
1224 959 1267 994 in
1295 964 1354 997 EO

78 1016 269 1061 fuerunt,
292 1023 337 1052 ut
358 1024 453 1064 puto
467 1044 476 1061 ,
493 1018 735 1065 depravatae.
763 1016 948 1064 Corrigo,
971 1015 1279 1062 περισπερχθέντωνε
1300 1025 1358 1049 ce-

76 1070 173 1106 teris
201 1071 490 1119 Peloponnesiis
521 1074 564 1108 ob
591 1074 699 1108 istam
721 1073 931 1107 sententiam
957 1083 1033 1104 cum
1059 1070 1279 1105 vehementer
1300 1070 1358 1104 in·

74 1126 299 1174 dignabundi
318 1128 594 1164 succensuissent
612 1127 807 1163 Phocenses
826 1131 860 1160 et
878 1126 985 1160 Locri
995 1138 1007 1169 ,·
1031 1135 1159 1171 neque
1180 1123 1330 1159 mirum
1346 1139 1353 1165 3

76 1179 156 1217 vid.
177 1181 328 1217 Diodor.
358 1183 428 1218 Sic.
446 1183 511 1217 XI.
531 1194 563 1218 c.
584 1189 620 1224 4.
649 1178 836 1228 Περιθύμως
866 1179 990 1224 ἔχοντα
1019 1178 1123 1214 dixit
1151 1178 1289 1214 Herod.
1309 1179 1354 1213 Π.

79 1235 169 1271 162.
218 1233 329 1283 κοέρτοι
358 1236 550 1277 θυμω-,θῆναι
572 1237 656 1273 VII.
684 1236 746 1284 39.
773 1234 981 1282 Σπερχθνῖναι
1010 1234 1055 1281 ris
1081 1231 1195 1280 γνώμῃ
1226 1231 1355 1280 accipi

76 1295 201 1337 potest
212 1314 230 1333 ,ι
244 1296 290 1325 ut
320 1289 452 1332 οἶθυμεῖν
482 1293 544 1334 τοῖς
570 1290 808 1332 γεγενημένοις,
843 1287 1039 1333 οἷχθεσθῆναι
1061 1290 1120 1325 τινὶ
1148 1284 1350 1333 πράγματι,

73 1349 146 1380 etc.
174 1347 256 1380 Iam
275 1355 367 1380 vero
392 1356 520 1393 neque
547 1345 808 1380 Herodoteum
825 1349 902 1386 θεῖ,
932 1347 1131 1388 quantum
1149 1341 1355 1390 intelligo,

75 1410 148 1434 nec
170 1398 373 1443 Ionicum,
397 1400 580 1447 σπεξχέειν,
607 1399 670 1434 sed
690 1399 886 1445 υπέρχεσθαι
909 1401 947 1430 et
973 1397 1186 1443 σπερχᾶἧναι.
1229 1397 1355 1443 Quae-

73 1452 164 1488 dam
184 1454 374 1502 leguntur
393 1453 586 1501 adscripta
604 1453 652 1489 ad
681 1453 818 1489 Herod.
839 1454 890 1487 V.
911 1450 972 1485 35.
998 1450 1170 1496 ἐσπέρχετο
1193 1451 1243 1498 τῷ
1265 1450 1353 1497 Ἀρι-

75 1506 240 1555 σταγὸρῃ,
273 1510 516 1556 Aristagorae
544 1509 754 1544 succensuit.
796 1508 840 1542 In
872 1505 1013 1541 Calbim.
1042 1506 1186 1552 Hymn.
1214 1504 1258 1539 in
1279 1505 1354 1540 De-

73 1561 164 1597 lum
191 1575 247 1598 vs.
274 1563 337 1598 60.
383 1565 551 1598 Latonae
578 1565 677 1599 Iuno
709 1560 863 1596 dicitur
892 1560 1105 1605 Σπερχσμένκ
1137 1560 1228 1601 μέγα
1256 1555 1293 1597 δή
1321 1575 1352 1595 τι

75 1617 133 1653 καὶ
158 1615 195 1653 οὗ
211 1614 340 1658 mxv-0¹11:
363 1616 403 1651 id
421 1623 478 1652 est
497 1617 783 1664 περισπερχομένκ.
813 1613 1036 1663 Hesychius.-
1067 1614 1278 1659 Σπέρξςμαι,
1301 1612 1354 1660 ἐξ·

75 1668 290 1712 για-θήσομαι.
315 1669 566 1718 Ἐσπερξάμκν,
589 1670 754 1719 ὠργίσθην.
781 1669 978 1706 Ρῆανονίη.
998 1669 1175 1713 Σπερχθεῖς
1199 1666 1272 1704 duri
1292 1668 1352 1704 τοῦ
1397 1696 1399 1698 -

76 1724 237 1767 θυμωθεὶς
255 1727 312 1762 καὶ
337 1727 510 1772 ταραχθεὶς
538 1726 684 1766 λέγουσιν
705 1722 832 1767 ’Ίωνεςε
866 1723 948 1758 imo
965 1734 1057 1759 vero
1075 1723 1280 1773 Herodotus
1302 1721 1354 1756 il-

72 1777 148 1814 lud
167 1785 321 1826 oportet
347 1786 518 1827 utroque
539 1778 771 1815 adhibuerit
789 1777 1030 1827 significatu.
1053 1778 1201 1821 Suidas,
1221 1783 1355 1822 Σπερχ-

75 1833 145 1876 θεὶς
171 1832 251 1881 παρ’
266 1831 428 1882 εΗροδότῳ
445 1833 519 1871 <ivri
537 1836 596 1871 τοῦ
612 1835 785 1881 ταραχθεὶς
798 1859 809 1877 ,
841 1833 1014 1874 θυμωθείς.
1042 1833 1195 1867 Horum
1217 1830 1330 1878 prius
1343 1855 1353 1874 ‚

72 1887 240 1924 obvium
268 1888 369 1925 etin
397 1892 509 1938 gloss.
539 1890 716 1924 Herodot.
740 1887 915 1935 pertinet
935 1886 983 1922 ad
1000 1887 1028 1922 Ι.
1052 1886 1113 1922 52.
1129 1912 1138 1930 ‚
1174 1885 1244 1921 ubi
1269 1899 1356 1921 con-

72 1942 237 1979 turbatus
255 1945 419 1980 Croesus
439 1943 591 1979 dicitur
609 1944 794 1990 σπερχθείςτ
821 1941 1016 1990 posterius
1031 1968 1040 1985 ‚
1057 1941 1217 1982 θυμωθεὶς
1229 1966 1239 1983 ,
1268 1951 1354 1976 mea

72 1997 267 2034 sententia
298 1999 406 2033 hunc
438 2003 585 2045 spectat
615 1998 761 2033 locum·
808 2000 1066 2044 Excerpentes
1093 2007 1139 2031 ex
1167 1996 1354 2031 Herodoto

71 2051 247 2100 aliisque
282 2054 401 2088 verba
419 2079 428 2096 ‚
468 2064 579 2100 saepe
616 2053 806 2100 praefixas
842 2051 1008 2087 omisere
1049 2049 1356 2098 praepositiones

75 2106 348 2144 Grammatici.
387 2108 507 2144 Color
525 2106 689 2156 quidam
709 2108 870 2156 vulgato
895 2105 1104 2142 conciliari
1135 2104 1281 2152 poterit
1301 2106 1356 2140 Io-

74 2160 212 2203 nicus3
237 2161 300 2198 sed
333 2161 511 2198 ludibria
539 2161 804 2198 librariorum
833 2166 878 2197 ut
896 2160 1050 2198 Ionicae
1070 2160 1219 2195 formae
1243 2159 1356 2196 nobis

73 2227 157 2252 non
176 2215 320 2252 dehent
336 2216 607 2253 adnumerari.
626 2218 743 2254 VAL
757 2218 785 2253 C
797 2218 848 2253 K.
866 2237 919 2249 .—-
952 2215 1128 2263 Σπερχέειν
1147 2226 1218 2250 nec
1238 2217 1357 2250 Hero—

72 2269 235 2306 doteum
256 2283 326 2307 nec
344 2271 525 2307 Ionicum
557 2283 634 2307 esse
659 2272 827 2307 verbum
858 2271 967 2306 ultro
986 2269 1165 2306 concedo.
1201 2270 1295 2313 Sed,
1324 2268 1355 2304 si

75 2325 249 2372 probum
266 2327 506 2362 vocabulum
520 2324 736 2374 περισπερχὴς
752 2332 808 2361 est
819 2351 829 2369 9
848 2338 870 2361 a
882 2325 1002 2361 verbo
1017 2325 1277 2372 περισπέρχομοιι
1293 2323 1358 2359 de-

75 2378 272 2424 rivatum,
292 2380 438 2428 quidni
457 2382 506 2416 ab
526 2380 660 2416 eodem
684 2381 817 2417 vocab.
838 2380 1054 2427 περιο-περχής
1083 2378 1261 2427 legitime
1281 2379 1359 2414 for·

77 2433 180 2471 mari
207 2434 384 2482 potuerit
409 2436 576 2471 verbum
604 2427 902 2484 πέςισῖπερχέω
935 2432 1039 2470 idem
1066 2434 1202 2470 valens
1226 2445 1270 2469 ac
1299 2447 1359 2468 πε·-
