1718 2919
331 246 427 287 AD
469 245 852 286 HERODOT.
881 245 932 286 V.
964 245 1141 288 52-55.
1333 245 1382 285 52

88 365 133 392 ea
155 353 310 391 ratione
327 354 436 390 ultra
461 353 626 389 modum
646 352 869 402 promoveri
892 355 1077 389 Matienae
1098 353 1196 389 fines
1212 382 1221 397 ,
1242 357 1282 390 et
1299 353 1385 389 abs‘³

91 420 172 458 que
199 408 414 445 meliorum
434 409 616 445 codicum
644 408 840 456 praesidio
863 407 971 443 nihil
992 408 1056 443 hic
1080 407 1245 444 definiri
1278 420 1385 456 posse

91 464 247 501 censuit
276 464 458 509 Larcher⁷
487 463 637 500 Adnot.
664 465 752 499 108.
778 463 825 498 ad
855 464 963 498 hunc
989 462 1177 498 Herodoti
1205 463 1385 507 librum,

93 532 133 568 p.
163 519 253 555 250.
281 518 348 555 cui
375 519 567 555 hactenus
591 518 878 554 adsentiuntur
903 519 1046 554 Heeren
1070 517 1185 566 (pag.
1202 516 1316 568 988.)
1347 522 1386 553 et

90 576 266 611 Mannert
294 575 431 622 Geogr.
459 576 593 610 Graec.
616 579 654 609 et
672 574 785 610 Rom.
800 572 842 609 T.
862 575 913 609 V.
931 574 968 608 P.
991 585 1035 608 11.
1056 585 1093 620 p.
1116 573 1206 609 206.
1230 578 1276 609 ut
1292 573 1387 609 nul-

90 628 174 665 lam
197 640 247 664 ne
265 629 534 665 coniecturam
565 628 727 676 quidem
751 627 881 664 conati
902 627 985 663 sint
1006 639 1240 675 proponere.
1266 627 1313 667 S.

152 683 217 719 55.
246 683 272 720 οἱ
293 682 415 725 πάντες
433 685 576 723 σταθμοί
593 685 651 721 εἴτι
671 681 783 721 ἕνδεκα
804 685 861 720 xxi
885 680 1035 730 ἓκατδν)
1060 682 1176 719 Ratio
1193 696 1272 719 non
1293 697 1387 721 con-

38 738 45 743 *
91 743 182 775 stat.
223 740 430 775 Mansiones
461 738 543 773 sive
576 740 715 780 σταθμοὶ
750 738 793 773 in
832 737 1157 785 praecedentibus
1190 740 1388 777 duntaxat

89 806 219 831 Liui-‹1-
247 796 385 841 Neque
410 792 597 829 convenit
624 805 933 842 parasangarum
959 805 1140 828 summa:
1170 806 1391 831 numeran-

93 853 162 884 tur
182 854 338 884 tantum
358 861 511 885 cccx111.
543 848 648 896 Quia
670 855 801 884 tamen
816 850 1040 897 parasangis
1063 848 1337 899 quadringentis
1354 856 1389 895 et

91 905 379 953 quinquaginta,
403 909 503 951 quot
523 914 562 938 se
589 903 762 950 posuisse
782 902 1003 951 significat,
1037 911 1220 941 accurate
1243 905 1390 941 stadio·

91 970 185 994 rum
206 957 387 994 collectio
405 958 613 1006 congruit,
645 959 745 994 bene
771 958 839 993 illi
871 958 1030 994 habent.
1070 958 1184 996 Vitia
1209 960 1252 995 in
1276 973 1389 996 man-

90 1012 251 1049 sionum
279 1018 318 1050 et
349 1025 658 1061 parasangarum
684 1013 887 1058 numeris,
916 1013 999 1049 suis
1028 1013 1128 1049 olim
1159 1015 1255 1051 locis
1284 1015 1389 1052 iuste

91 1066 276 1116 signatis⁷
300 1067 454 1104 inflicta
485 1068 670 1110 haerent,
696 1068 874 1104 aliorum
900 1068 1059 1105 sortasse
1083 1076 1297 1106 msstorum
1318 1084 1390 1107 au-

86 1122 189 1159 xilio
207 1123 400 1166 eluenda;
422 1123 547 1159 nostri
569 1123 678 1159 enim
699 1123 742 1159 in
762 1124 897 1160 eodem
913 1129 1009 1159 sunt
1025 1123 1126 1160 luto.
1140 1128 1197 1165 W
1209 1126 1320 1163 ESS.
1334 1143 1387 1153 --

88 1178 168 1215 Nee
187 1177 312 1215 nostri
338 1178 506 1214 meliora
533 1177 684 1215 dedere.
714 1177 758 1216 S.

200 1231 346 1272 CAP.
372 1230 511 1272 LIII.
541 1229 608 1284 [5.
627 1233 673 1272 τοτ’
705 1231 870 1275 Exti-zmil&
898 1232 944 1271 τοὶ
967 1231 1142 1277 Μεμνόνια
1169 1233 1386 1285 καλεόμενοι)

92 1288 210 1325 Conf.
228 1301 261 1325 e.
289 1288 336 1333 54
349 1315 359 1334 ⁷
388 1290 422 1325 8.
446 1288 558 1325 Adde
576 1289 699 1325 Strab.
718 1289 791 1324 lib.
817 1292 906 1326 XV.
932 1302 970 1336 p.
990 1291 1082 1336 728.
1102 1296 1140 1326 et
1156 1292 1279 1339 Steph.
1296 1294 1390 1346 Byz-

86 1354 170 1380 voc.
187 1344 327 1388 Σοῦσα,
347 1342 514 1392 eiusque
532 1346 784 1392 Interpretes.
811 1343 855 1382 S.
871 1340 883 1394 ]

150 1412 186 1447 9.
215 1398 333 1446 ἡμέραι
356 1397 526 1447 dorotea-i
547 1395 776 1448 ἐννενήκοντα)
805 1398 948 1436 Critici
969 1399 1016 1434 ad
1035 1399 1188 1437 Comici
1212 1401 1318 1438 Plut.
1332 1414 1388 1440 vs.

93 1450 187 1490 383.
210 1453 379 1500 Κέχρηται
403 1453 498 1502 αὐτῷ
516 1449 705 1504 (sivray-2)
728 1451 900 1502 Ἡρόδοτος
928 1456 1029 1497 λέγων
1044 1481 1054 1499 ,
1086 1454 1159 1493 vino*
1187 1455 1304 1493 τούτου
1326 1457 1387 1496 εἶσὶ

91 1504 215 1545 στάδιοι
234 1503 288 1544 δύο
316 1507 446 1555 dvi-xpri
459 1523 466 1542 :
500 1508 606 1556 quod
634 1510 811 1546 scholion
841 1510 969 1546 suidas
1006 1509 1048 1544 in
1076 1507 1219 1558 Ἀποιρτὶ
1246 1511 1390 1548 descri-

89 1561 208 1606 bens,
222 1574 304 1609 npro
323 1560 446 1600 στοέὸιοε
465 1560 519 1600 δύο
539 1566 700 1611 praehet
720 1562 846 1602 στάδιοι
869 1563 886 1602 o'
907 1565 988 1601 sive
1006 1562 1244 1605 ἐβδομήκοντα.
1275 1567 1388 1604 Unde

91 1617 353 1665 Aristophanis
385 1617 581 1665 interpres
618 1631 661 1655 ea
695 1621 915 1668 acceperit,
949 1632 999 1655 an
1037 1620 1254 1656 memoriae
1288 1622 1389 1660 vitio

93 1672 187 1708 haec
215 1671 419 1719 spectarit,
453 1672 544 1720 quis
572 1680 678 1710 certo
701 1675 947 1710 decreverit?
977 1676 1021 1710 In
1045 1676 1234 1711 Herodoto
1260 1676 1390 1714 hacte-

94 1739 171 1763 nus
201 1726 359 1762 invenit
378 1739 516 1771 nemo,
538 1734 577 1764 et
593 1735 688 1765 sunt
711 1731 886 1777 profecto
911 1737 1128 1777 nusquam.
1156 1731 1262 1767 Vide
1277 1734 1390 1770 Hem-

90 1782 306 1820 stethusium
326 1781 373 1817 ad
392 1783 536 1819 Plutum
550 1789 589 1819 et
608 1784 750 1823 Alherti
772 1785 814 1820 in
835 1785 1011 1836 Hesychii
1030 1783 1187 1833 Ἀποιρτί.
1209 1788 1389 1826 WESS.

93 1857 145 1864 ——
174 1836 279 1874 Vide
295 1838 343 1873 II.
370 1838 464 1881 158,
488 1851 536 1873 20
556 1850 634 1887 seq.
656 1839 797 1888 ibique
815 1843 911 1877 Var.
935 1842 1037 1876 Lect.
1057 1846 1096 1875 et
1115 1840 1264 1878 Adnot.
1298 1841 1345 1881 S.

203 1889 349 1931 CAP·
382 1891 492 1930 LV.
526 1906 563 1940 ’7.
600 1892 830 1942 ἐτυραννεύοντο
850 1915 867 1922 ·
887 1916 903 1923 -
922 1916 940 1922 -
968 1892 1052 1932 οὐδὲν
1085 1888 1211 1943 ἧσσον)
1249 1898 1388 1948 Neque

94 1945 204 1983 enim
226 1948 447 1984 Harmodius
477 1955 512 1984 et
531 1951 787 1998 Aristogiton,
815 1950 901 1995 sed,
926 1950 1116 1986 Herodoto
1142 1950 1297 1998 iudice,
1324 1966 1390 1991 ve-

93 2001 180 2039 rius
199 2003 478 2039 Alcmaeonidae
504 2004 680 2040 Athenas
703 2006 935 2053 ἐλευθέρωσιν,
968 2005 1041 2041 lib.
1072 2007 1139 2042 VI.
1157 2019 1189 2042 c.
1215 2008 1321 2051 123.;
1350 2014 1390 2046 et

95 2056 179 2093 suit
194 2059 350 2106 Hippias
365 2086 373 2101 ,
396 2060 650 2095 exacerbatus
673 2060 845 2096 fraterna
868 2060 1004 2104 caede,
1033 2057 1114 2110 [V.
1135 2061 1180 2097 62
1198 2088 1208 2107 ‚
1231 2060 1293 2112 5.]
1322 2076 1388 2112 pa·

95 2116 156 2148 tre
174 2111 375 2160 fratreque
389 2113 504 2162 longe
519 2114 789 2163 τυραννικώτερις.
817 2116 1066 2164 Aristogiton
1087 2121 1126 2151 et
1145 2117 1289 2154 sodalis
1307 2132 1388 2156 non

97 2164 347 2203 habebantur
377 2174 559 2213 tantum,
592 2175 638 2205 ut
669 2177 804 2213 erant,
843 2171 1138 2219 tyrannicidae3
1174 2172 1237 2209 sed
1267 2173 1389 2224 vulgo

99 2220 368 2258 laudabantur
408 2223 601 2267 Athenis,
639 2231 832 2273 tanquam
869 2226 942 2274 qni
981 2226 1139 2262 sublata
1177 2229 1390 2275 tyrannide

98 2286 211 2311 suam
232 2276 381 2324 patriae
396 2277 657 2315 reddidissent
682 2280 925 2317 libertatem.
951 2282 995 2318 In
1017 2281 1118 2317 hanc
1137 2283 1258 2318 etiam
1284 2284 1392 2320 Atti-

99 2341 165 2366 cae
179 2331 305 2378 plebis
322 2331 553 2380 opinionem
575 2334 834 2371 inveteratam
848 2336 930 2372 dici
956 2343 1109 2384 poterat
1126 2338 1239 2374 Dioni
1254 2339 1389 2390 Chrys.

102 2397 188 2434 pag.
221 2399 310 2436 190.
333 2401 365 2423 E.
391 2386 432 2426 ro*
458 2386 667 2426 πιστεύεσθαι
697 2390 800 2428 πολύν
827 2388 940 2438 χρόνον
966 2390 1035 2428 v‘no'
1065 2390 1235 2439 ἀνθρώπων
1259 2392 1387 2434 ἦλιθίων

100 2436 184 2477 οὐδέν
205 2440 289 2478 ἔστιν
308 2441 454 2489 ἰσχυρόν.
484 2443 555 2480 Sed
575 2444 833 2492 sapientiores
852 2445 972 2482 etiam
996 2458 1290 2495 nonnunquam
1312 2448 1389 2484 mi-

102 2504 178 2531 nus
198 2494 427 2545 loquuntur
448 2498 690 2536 considerate
707 2516 713 2534 z
744 2506 900 2549 praeter
918 2506 1064 2537 ceteros
1082 2502 1136 2539 10.
1159 2505 1315 2541 Meursio
1336 2503 1390 2539 ci-

1030 2556 1064 2593 D
1095 2568 1113 2591 2
