1718 2919
302 220 375 259 116
514 215 1401 262 ,ADNOTATIONES'

296 325 403 361 doles
426 323 468 359 in
488 324 633 373 vulgus
652 327 904 371 sparserunt,
931 322 971 364 ὥς
1001 322 1203 360 ἀπολέλοιπε
1231 321 1289 363 ‘rn'v
1317 319 1417 359 πόλιν
1442 323 1461 362 ἦ
1482 319 1586 366 θεδςς
1628 326 1630 329 ’

297 372 505 423 ὑφήγουμένκ
523 377 604 426 πρδς
621 376 678 418 τὴν
697 376 902 419 θάλασσαν,
925 378 1114 414 Plutarch.
1128 376 1318 414 Themist.
1335 389 1418 426 pag.
1443 390 1454 412 1
1472 377 1530 413 16.
1547 390 1583 414 n.

296 433 391 472 Inde
415 438 523 469 tanta
543 432 699 469 civibus
717 433 919 469 discedendi
938 435 1128 469 alacritas.
1158 434 1216 470 W
1229 431 1343 468 ESS.

351 488 444 525 Ibid.
473 485 613 530 μᾶλλόν
634 504 664 524 τι
690 487 717 524 οἱ
744 486 903 526 Ἀθηναῖοι
930 489 988 524 ueri
1011 485 1245 535 πρότερον)
1275 486 1377 523 Ηὶηο
1399 484 1589 522 deturha-

299 548 386 579 tum
420 543 544 578 unius
576 541 731 579 Codicis
762 541 933 588 imperio
964 542 1214 578 restituerem
1245 541 1286 576 in
1315 553 1428 577 suam
1456 540 1589 577 sedem

297 595 437 641 μοῖλλόν
472 614 504 634 τι
537 598 565 634 οἱ
586 595 746 635 Ἀθηναῖοι
777 599 835 633 καὶ
864 595 1179 644 προθυμότερον
1211 595 1352 639 ἐξέλιπον
1385 593 1444 636 τὴν
1473 593 1588 638 πᾶλιν,

302 653 464 689 Valla:
498 665 537 688 eo
566 653 682 700 magis
716 651 954 687 Athenienses
989 664 1095 700 eoque
1119 653 1335 700 promptius.
1380 649 1590 687 Naturalis

298 708 391 743 haec
415 712 501 743 erat
519 707 733 742 verborum
762 711 964 742 structura
980 732 990 749 ,
1017 708 1074 743 καὶ
1103 705 1242 747 μᾶλλόν
1270 722 1303 742 τι
1329 703 1561 752 προθυμότερον
1577 719 1588 739 ε

296 762 480 799 voculam
496 761 631 803 μᾶλλον
646 762 787 797 Noster
799 761 918 796 etiam
933 760 1045 796 addit
1058 773 1192 808 compa
1200 759 1352 802 rativis3
1372 771 1491 807 quem
1507 771 1592 795 mo-

297 828 380 853 rem
401 815 515 864 attigi
535 828 655 862 supra
680 828 717 862 p.
744 828 833 861 171.
849 812 973 865 [Adn.
993 815 1040 851 ad
1058 817 1104 852 ΙΙ.
1130 816 1199 861 137
1215 841 1225 860 ,
1249 811 1323 864 19.]
1343 814 1565 852 VALCK.

405 867 716 909 CAP.XLJI·
735 865 797 919 [8.
823 867 954 917 ἕσπερ
973 869 1023 907 ἐπ’
1041 868 1193 918 'Api-w..)
1212 872 1300 907 Non
1319 869 1590 917 spernendum

299 924 426 974 ὅπερ,
454 925 561 973 quod
581 931 638 960 est
655 924 697 960 in
715 926 757 961 F.
779 937 849 972 pro
872 922 989 973 ἕσπερ,
1013 931 1059 961 ut
1075 936 1187 972 saepe
1207 924 1315 972 apud
1338 920 1591 974 I'oetam.S.]

407 978 554 1019 CAP.
570 977 755 1018 XLIII.
776 978 836 1029 [2.
866 977 988 1018 Λακεδ.
1017 976 1227 1029 ἑκκαίδεκα)
1256 979 1380 1016 Iidem
1402 979 1451 1016 ad
1470 980 1590 1016 Arte-

288 1035 464 1072 misium
491 1035 654 1071 nonnisi
683 1035 815 1070 decem
838 1035 1082 1078 habuerant,
1102 1047 1136 1071 c.
1160 1047 1171 1069 1
1190 1061 1199 1079 ,
1224 1049 1259 1084 ς).
1280 1030 1351 1085 8.]

354 1091 389 1126 6.
420 1087 592 1128 Μοικεδνᾶν
608 1085 725 1139 ἔθυες)
743 1091 943 1126 Praeclare
957 1101 1004 1124 ex
1023 1089 1182 1137 scriptis
1200 1087 1497 1137 exemplaribus
1512 1087 1593 1126 Vir

296 1146 438 1187 celeb-3
468 1145 523 1181 sic
544 1145 617 1181 lib.
642 1146 671 1181 I.
700 1145 763 1181 56.
792 1146 921 1182 Multa
945 1145 998 1182 Cl.
1019 1146 1233 1189 Salmasius,
1256 1144 1304 1180 dc
1328 1144 1438 1193 Ling.
1460 1144 1591 1187 Helle-

298 1199 391 1237 nist.
410 1213 448 1247 p.
468 1213 557 1249 279.
574 1204 612 1235 et
630 1211 758 1247 seqq.;
788 1199 904 1236 cuius
926 1199 1099 1235 sollicita
1119 1199 1371 1248 disquisitio,
1395 1212 1446 1234 an
1466 1200 1590 1250 Dryo-

292 1258 373 1305 pis,
402 1266 449 1290 ex
468 1267 547 1303 qua
576 1254 619 1289 in
647 1254 959 1302 Peloponnesum
984 1260 1206 1299 venerunt,
1241 1266 1282 1290 ea
1312 1253 1457 1298 fuerit,
1487 1265 1591 1302 quae

295 1311 346 1346 ab
368 1311 468 1346 urbe
493 1311 642 1360 Dryope
655 1308 761 1356 apud
779 1310 955 1358 Stephan-
974 1310 1064 1360 Byz.
1077 1308 1183 1346 dicta
1203 1315 1259 1344 est
1281 1308 1385 1345 circa
1410 1308 1592 1345 Hermio-

298 1375 458 1401 nensem
479 1364 637 1409 sinum,
655 1364 842 1413 Argolico
860 1364 1108 1412 proximum,
1131 1364 1352 1400 faciliorem
1373 1370 1486 1400 nacta
1507 1363 1591 1399 exi-

298 1425 385 1456 tum
408 1419 566 1462 fuisset,
595 1418 710 1454 modo
735 1419 778 1454 in
800 1425 936 1466 parato
957 1419 1049 1455 haec
1066 1418 1198 1456 Nostri
1219 1419 1462 1455 adfuissent:
1497 1418 1591 1455 fini-

299 1480 367 1511 tur
383 1474 492 1510 enim
516 1479 554 1510 et
574 1473 836 1518 describitur,
865 1480 911 1510 ut
926 1473 974 1509 de
992 1473 1078 1510 eius
1095 1474 1175 1510 situ
1201 1473 1330 1510 dubia·
1350 1474 1592 1510 auferantur

297 1529 448 1566 omnia.
489 1530 765 1566 Hermionenses
794 1534 929 1565 autem
947 1556 956 1573 ,
991 1541 1083 1565 cum
1113 1530 1310 1576 Dryopes,
1337 1530 1388 1565 ab
1419 1528 1591 1564 Hercule

297 1583 497 1632 superati,
532 1583 727 1619 aliorsum
764 1583 1078 1628 deducerentur,
1117 1584 1222 1620 sedes
1236 1611 1245 1628 ,
1283 1596 1381 1632 quas
1406 1583 1590 1631 deinceps

299 1644 543 1682 tenuerunt,
565 1637 781 1686 inpetrasse
794 1665 803 1683 ,
822 1640 1024 1675 Pausanias
1041 1639 1192 1676 lib.IV.
1211 1639 1274 1682 34.
1297 1652 1383 1688 pag.
1400 1639 1492 1675 366.
1508 1651 1589 1674 non

298 1700 433 1744 negat3
455 1693 556 1729 alibi
577 1693 729 1729 eosdem
747 1697 874 1741 Δωριεῖς
897 1693 971 1737 τούς
992 1693 1176 1739 ἐξἊργους
1197 1694 1426 1742 adpellans,
1453 1693 1526 1730 lib.
1542 1694 1589 1731 11.

302 1750 365 1793 ΞΛ..
387 1762 424 1796 p.
452 1762 560 1798 192·⁷
590 1747 784 1796 quoniam
802 1748 954 1784 Asinen
979 1749 1188 1798 Argolicae
1214 1749 1406 1799 regionis,
1439 1754 1484 1785 ut
1511 1748 1591 1796 ipsi

229 1849 240 1857 -
299 1804 500 1840 iactabant
513 1830 523 1847 ,
541 1803 591 1838 ab
611 1803 840 1847 Euristheo,
865 1804 1047 1840 Herculis
1065 1803 1234 1840 inimico
1249 1831 1258 1848 ,
1288 1815 1506 1841 concessam
1523 1804 1591 1840 ha-

299 1858 491 1894 bitarant.
520 1860 676 1894 Verum
709 1858 751 1893 in
777 1858 947 1900 talibus,
976 1860 1025 1894 ob
1046 1859 1196 1895 civium
1218 1859 1370 1896 diversa
1391 1857 1525 1895 studia
1549 1863 1591 1895 et

298 1914 555 1964 gloriationes
569 1939 578 1957 ,
608 1913 761 1948 multae
793 1912 1064 1950 dissensiones.
1097 1914 1282 1951 WESS.

409 1966 554 2007 CAP.
574 1965 758 2006 XLIV.
780 1963 824 2018 [1
841 1969 906 2006 -3.
931 1968 1088 2009 Ἀθκντιῐοι
1107 1971 1184 2011 μὲν,
1207 1968 1310 2017 πρδς
1329 1966 1499 2009 πάντας
1516 1964 1590 2010 τούς

301 2022 426 2066 ἄλλους
448 2044 466 2051 -
482 2044 499 2050 -
520 2023 597 2064 νῆας
624 2020 871 2065 ὀγδώκοντα
907 2026 964 2060 καὶ
994 2021 1137 2071 {noca-iv)
1164 2023 1267 2071 πρός
1293 2022 1446 2063 mim-az,
1473 2035 1591 2071 prae

300 2079 383 2114 aliis
402 2077 584 2122 omnibus,
615 2077 719 2113 conf.
746 2079 792 2115 ΙΙ.
821 2079 891 2123 55,
915 2079 951 2115 5.
980 2080 1041 2114 111.
1063 2087 1137 2127 94,
1163 2091 1224 2115 10.
1244 2085 1283 2114 et
1312 2077 1370 2113 ibi
1403 2083 1485 2114 not.
1532 2077 1592 2113 De

303 2146 446 2170 numero
466 2146 610 2168 crxxx.
629 2131 719 2168 vide
738 2132 786 2167 ad
802 2145 886 2181 cap.
912 2147 923 2168 1
944 2160 953 2178 ,
977 2147 1011 2169 2.
1033 2139 1179 2169 notata.
1207 2132 1365 2170 Mireris
1379 2144 1471 2169 vero
1484 2159 1493 2177 ,
1509 2143 1591 2181 quo

302 2193 414 2236 pacto
432 2193 487 2222 tot
512 2186 680 2222 navibus
698 2186 745 2222 ad
765 2187 1009 2224 Salaminem
1039 2199 1215 2237 pugnare
1244 2187 1504 2224 Athenienses
1527 2199 1594 2235 po-

303 2241 482 2285 tuerint,
496 2241 823 2289 quandoquidem
844 2242 887 2278 in
908 2256 1037 2291 pugna
1057 2243 1104 2278 ad
1125 2243 1390 2279 Artemisium
1408 2243 1593 2278 dimidiam
1654 2288 1658 2292 .

297 2304 442 2348 partem
470 2299 679 2333 Atticarum
698 2299 839 2333 navium
855 2301 1094 2334 vulneratam
1122 2308 1199 2339 esse
1221 2298 1280 2334 ait
1301 2297 1480 2345 Scriptor
1505 2309 1592 2344 cap.

254 2375 258 2379 ·
308 2366 320 2388 1
334 2355 353 2388 8
368 2378 376 2390 .
396 2352 431 2388 5.
447 2363 576 2399 neque
590 2351 646 2387 eis
662 2352 886 2389 reficiendis
899 2353 1133 2401 suppetiisse
1147 2352 1332 2388 videatur
1349 2359 1513 2401 tempus.
1527 2347 1592 2401 S.]

355 2401 423 2457 [3.
454 2407 579 2449 μοῦνω.
607 2406 634 2442 ἐν
657 2410 829 2448 Σαλαμῖνι
849 2405 914 2455 γάρ
938 2407 1034 2453 etc.)
1067 2407 1169 2444 Vide
1193 2410 1281 2444 Var-
1305 2409 1404 2445 Lect.
1424 2414 1462 2443 et
1486 2406 1593 2443 conf.

303 2473 388 2509 cap.
410 2474 422 2496 1
440 2487 450 2506 ,
474 2461 493 2497 5
515 2472 594 2509 seq.
623 2461 799 2498 Punctum
819 2470 906 2511 post
935 2464 1046 2507 μοῦνοι
1066 2473 1186 2510 paene
1209 2463 1423 2500 evanidum
1443 2474 1520 2499 esse
1546 2461 1592 2497 in
