1718 2919
318 222 396 261 244
595 211 1348 252 ADNOTATIONES

316 322 470 354 vertere
493 316 659 366 quidem
680 317 867 353 animum
900 317 1074 354 Editoris
1098 317 1289 354 debuerat
1314 317 1515 366 scriptura
1543 319 1619 355 illa

319 388 394 409 κοτ
408 370 496 419 σ’ρνο
510 388 568 416 υς,
583 385 705 420 quam
724 378 781 408 ter
792 372 975 420 deinceps
993 373 1063 408 hae
1080 372 1121 408 in
1138 373 1321 421 pericope
1338 373 1498 409 exhibet
1511 375 1619 410 Aldi-

318 441 401 463 num
432 428 678 475 exemplum.
725 428 796 464 Sed
828 433 1047 475 suspectam
1077 427 1254 463 eamdem
1285 428 1446 464 reddere
1473 428 1618 477 utique

316 481 459 518 debuit
474 495 605 530 quum
627 482 804 518 aliorum
827 482 1013 518 omnium
1032 482 1232 518 librorum
1255 482 1471 528 dissensus,
1498 481 1615 532 (nam

315 537 437 573 etiam
468 549 540 573 ms.
564 539 670 574 Pass.
690 550 781 573 cum
807 537 900 573 aliis
927 539 1090 585 κοᾶορν.
1118 537 1280 581 scribit,
1309 549 1431 586 quem
1455 537 1499 573 in
1525 539 1616 574 Var.

314 593 418 629 Lect.
447 592 495 628 ad
515 593 553 628 h.
576 593 604 629 l.
624 592 835 628 nominare
861 591 1013 628 oblitus
1038 589 1174 641 sum.)
1204 599 1288 628 tum
1312 592 1418 640 quod
1440 603 1462 627 a
1487 593 1617 629 nemi-

315 659 367 683 ne
391 647 757 685 Grammaticorum
776 647 961 683 adnotata
984 646 1057 683 ista
1083 647 1282 694 scriptura
1306 647 1519 696 reperitur.
1550 649 1617 684 Pa-

313 713 401 738 cere
426 702 592 751 quidem
612 715 704 738 eum
724 703 823 739 Aldo
837 701 966 738 videri
990 702 1108 737 codex
1126 703 1221 739 Med.
1250 709 1424 750 poterat,
1444 714 1488 738 eo
1505 702 1613 751 quod

311 757 556 805 scripturam
578 757 695 793 istam
720 758 920 794 Gronovius
941 757 1094 799 tenuit‚
1113 756 1186 805 qui
1212 757 1255 792 in
1275 759 1375 794 Nota
1401 757 1447 794 ad
1469 760 1534 793 lin.
1554 766 1615 802 14.

310 812 457 849 diserte
478 813 599 849 etiam
621 813 680 848 ait
693 839 702 857 ‚
722 812 765 848 in
787 812 870 848 cod.
890 813 987 848 Med.
1009 810 1174 858 nordfvwc
1193 810 1245 854 οὓς
1260 812 1396 849 scribi.
1426 812 1497 849 Sed
1511 839 1520 857 ,
1540 818 1613 849 aut

310 868 425 904 valde
448 868 635 917 equidem
666 868 814 912 fallor,
843 872 916 903 aut
936 867 1009 902 ista
1035 867 1184 903 Notula
1206 867 1457 903 solummodo
1480 867 1529 903 ad
1546 881 1612 904 vo-

311 934 395 958 cem
417 921 468 966 οθς
488 923 689 971 pertinet,
717 935 837 972 quam
865 921 924 957 ibi
951 921 1069 958 codex
1096 922 1192 958 Med.
1214 934 1306 957 eum
1327 923 1415 959 Ask.
1443 924 1550 959 Pass.
1572 928 1613 959 et

309 979 353 1015 F.
380 991 451 1026 pro
478 978 553 1022 τούς
578 979 719 1014 habet:
751 977 993 1025 scripturam
1016 977 1133 1024 κοθιρν.
1158 988 1250 1013 vero
1275 975 1423 1025 (quam
1454 977 1498 1013 in
1525 978 1608 1015 cod.

309 1035 408 1071 Med.
427 1032 532 1069 sicut
560 1033 603 1069 in
633 1032 727 1069 aliis
758 1039 963 1080 repertum
992 1031 1068 1076 iri,
1092 1031 1123 1067 si
1151 1032 1243 1080 quis
1263 1043 1356 1068 eum
1384 1032 1517 1068 denuo
1544 1045 1609 1069 ex-

309 1088 494 1133 eusserit‚
517 1086 718 1136 suspicor)
746 1095 908 1124 enotare
937 1099 984 1123 ex
1013 1087 1088 1121 illo
1108 1087 1240 1123 codice
1259 1087 1360 1123 olim
1384 1088 1611 1137 neglexerat

311 1145 470 1180 Gronov.
492 1156 622 1191 quum
646 1143 770 1179 illum
790 1142 1011 1179 Florentiae
1034 1147 1241 1185 tractaret,
1266 1143 1609 1190 quemadmodum

307 1200 440 1235 multa
470 1199 551 1235 alia
572 1198 828 1247 diligentiam
858 1198 976 1233 illius
1005 1196 1187 1245 effugisse
1211 1204 1461 1245 compertum
1489 1198 1608 1234 hahe-

305 1265 410 1290 mus.
439 1253 591 1291 Virum
612 1265 704 1290 vero
722 1254 883 1289 doctum
901 1279 910 1297 7
935 1252 1007 1300 qui
1035 1253 1192 1290 Aldinae
1214 1253 1391 1300 praefuit
1416 1252 1607 1299 editioni,

305 1308 477 1346 subinde
504 1315 641 1346 contra
672 1308 963 1357 praescriptum
990 1306 1196 1351 codicum,
1234 1313 1272 1343 et
1302 1313 1458 1355 praeter
1482 1320 1610 1345 neces-

304 1365 486 1408 sitatem,
520 1366 735 1401 verborum
767 1364 913 1400 formas
945 1361 1158 1398 obtrusisse
1186 1364 1397 1408 Herodoto,
1427 1376 1526 1412 quas
1550 1363 1610 1400 io-

304 1420 460 1456 nismus
486 1419 693 1468 requirere
716 1418 785 1454 illi
810 1418 919 1455 visus
942 1423 1049 1462 erat,
1069 1417 1151 1453 iam
1167 1416 1401 1454 idemtidem
1426 1421 1605 1456 observa-

301 1475 447 1512 vimus,
486 1473 530 1513 S.

364 1543 425 1580 19.
465 1524 727 1579 διανταία-(κς)
757 1529 828 1565 Dio
859 1528 1053 1578 Chrysost.
1082 1525 1138 1565 τήν
1173 1525 1280 1569 κόμην
1314 1523 1604 1567 &cando-avrx

301 1587 360 1622 καὶ
380 1584 425 1622 τά
443 1586 550 1627 γένεα
565 1585 615 1632 τῷ
635 1581 801 1629 ψήγματι
825 1583 1055 1631 reliquisse,
1078 1581 1203 1617 dubio
1224 1588 1350 1618 earet:
1377 1583 1600 1620 absurdum

300 1638 542 1677 &mordeam
571 1639 778 1686 explosum
811 1638 955 1674 merito
984 1644 1053 1674 est.
1096 1637 1238 1686 Tangit
1263 1638 1413 1674 Rhetor
1436 1638 1602 1675 eandem

300 1694 510 1731 historiam
529 1695 599 1730 Or.
618 1707 717 1731 xv11.
740 1707 777 1741 p.
799 1693 888 1729 253.
905 1706 935 1729 e.
967 1692 1074 1740 Quid
1097 1694 1247 1728 Tzetzae
1263 1693 1420 1737 oculos,
1441 1699 1487 1729 ut
1506 1695 1602 1730 Alc-

300 1761 507 1786 maeonem
530 1749 719 1785 dentibus
741 1761 892 1785 comam
908 1774 917 1792 ,
942 1760 1041 1783 auro
1060 1759 1238 1795 gravem,
1253 1747 1403 1783 dixerit
1425 1748 1600 1785 retinen-

299 1810 401 1849 tem,
426 1804 752 1852 praestrinxeritq
786 1816 865 1839 non
888 1803 1094 1850 adsequor.
1137 1802 1294 1838 Falsum
1325 1808 1429 1838 certe
1459 1809 1498 1839 et
1523 1817 1599 1840 nu-

297 1859 499 1909 gatorium
534 1860 581 1895 de
616 1861 796 1903 Pindaro,
834 1858 947 1907 quasi
984 1857 1119 1893 eadem
1146 1857 1219 1893 ille
1258 1857 1306 1892 de
1342 1858 1598 1896 Alcmaeone.

300 1918 463 1952 Graecos
486 1915 572 1950 eius
601 1915 837 1962 interpretes
865 1912 913 1949 ad
944 1913 1056 1961 Pyth.
1078 1911 1151 1949 Od.
1176 1913 1262 1949 VII.
1291 1912 1440 1949 iustius
1468 1914 1598 1950 nomi-

298 1976 438 2006 nasset.
458 1970 634 2008 WESS.

348 2026 419 2061 ¹26.
459 2023 542 2062 οὕτω
577 2020 923 2072 τεθριπποτροφήσας)
960 2023 1004 2057 ln
1040 2027 1275 2071 argumento
1305 2022 1477 2058 secundo
1510 2026 1595 2060 Nu-

296 2080 414 2116 bium
447 2080 640 2128 Aristoph.
674 2079 693 2118 ἦ
717 2079 780 2115 τῶν
811 2074 1079 2131 Ἀλκμίειωνιδιῖν
1112 2078 1200 2114 οἰκία
1223 2100 1302 2106 ---
1329 2076 1362 2120 ἐξ
1391 2076 1520 2125 οἶρχ-ἷς,
1553 2079 1593 2123 οἷς

299 2138 396 2179 φησὶν
414 2132 603 2181 Ἡρόδοτος,
629 2131 903 2180 τεθριπποτξᾶῶσς
925 2134 960 2171 ἦν
982 2135 1038 2168 καὶ
1054 2130 1185 2174 πολλαὶς
1205 2130 1381 2177 εἰνῃξκμενκ
1399 2134 1509 2175 νίκας,
1529 2133 1594 2178 τοὶς

296 2192 355 2233 μὲν
377 2186 617 2233 Ὀλυμπιάσι,
647 2186 710 2230 τοὶς
732 2185 762 2224 δὲ·
790 2188 910 2227 Πυθοῖ,
937 2192 1009 2222 etc.
1052 2188 1154 2235 Bigis
1188 2186 1342 2234 primus
1372 2187 1595 2224 Athenien-

296 2245 403 2281 sium
436 2247 636 2281 Alcmaeon
674 2243 863 2278 victoriam
902 2248 1104 2289 reportasse
1133 2241 1287 2276 (licitur
1316 2242 1595 2289 Olympiacam

294 2301 453 2337 Isocrati
482 2302 553 2335 Or.
578 2299 625 2334 (le
654 2297 758 2346 Bigis
791 2310 827 2344 p.
851 2296 942 2332 551.
969 2309 999 2332 c.
1029 2295 1130 2341 ζεύγει
1155 2296 1280 2344 πρῶτος
1307 2295 1502 2339 Ἀλκμαίων
1525 2299 1590 2336 τῶν

295 2356 440 2393 πολιτῶν
461 2352 694 2396 Ὀλυμπιεέτιν
714 2354 846 2391 ἐνίκησε.
879 2353 955 2387 VA
967 2351 1032 2386 LC
1048 2354 1093 2387 lx.
1518 2371 1521 2372 ν

352 2422 414 2456 27.
446 2407 673 2446 Ὀλυμπιάδες
698 2404 905 2453 οἷνκιςέεται)
929 2408 971 2441 ln
997 2406 1185 2441 laudibus
1206 2404 1590 2444 Alcmaeonidarum

292 2464 401 2512 apud
429 2464 627 2502 Pindarum
650 2462 759 2511 l’yth.
782 2460 856 2499 Od.
876 2463 965 2503 VII.
992 2461 1049 2497 15.
1080 2467 1235 2510 praeter
1263 2461 1363 2498 a‘lias
1385 2473 1591 2500 sacrorum

1716 1362 1718 1369 ι

1716 1495 1718 1503 v

1716 1508 1718 1519 4

1716 1539 1718 1551 Ι
