1718 2919
286 228 362 255 ιω
570 197 1322 256 ΑυΝοΤΑΤΙοΝΕε

283 319 439 368 paravit
459 318 661 355 eruditiss·
682 322 728 357 Α.
753 321 944 368 Heringa,
965 319 1058 355 Obs.
1083 317 1185 355 Crit.
1206 331 1243 365 p.
1266 330 1278 353 1
1292 317 1353 354 56.
1367 343 1377 361 ‚
1398 320 1443 353 ut
1462 319 1582 354 Area-⁴

281 377 341 411 des
365 373 407 409 hi
438 373 559 410 fuisse
583 374 799 410 videantur
821 374 1019 425 Caryatae.
1058 375 1200 410 Nostro
1223 372 1421 408 dicuntur
1444 373 1518 410 βίου
1542 387 1578 408 τε

281 427 446 472 δεόμενοι,
471 430 530 466 ua>
550 429 661 476 ἐνεργοὶ
681 426 873 469 βουλόμενοι
894 427 995 465 eiwons:
1027 429 1140 464 victus
1165 434 1328 476 egentes,
1352 433 1386 463 et
1405 429 1444 463 in
1462 439 1583 475 agen*

279 485 325 521 do
348 485 591 520 desiderantes
615 485 803 531 occupari,
836 488 957 530 prout
979 482 1045 518 hic
1071 494 1204 519 vocem
1230 480 1351 529 ἐνεργδς
1375 480 1576 528 accipien-

278 540 370 575 dam
401 544 512 586 puto.
547 539 736 575 Pecuniam
765 544 987 573 numeratam
1004 564 1014 581 ‚
1042 551 1145 586 quam
1175 538 1270 573 domi
1301 536 1517 579 habebant:
1527 533 1573 573 ro*

278 591 427 642 οἷργύριον
452 592 494 630 ro*
521 589 605 630 ε”νὲον
627 594 790 634 κείμενον,
814 593 1007 628 vocabant
1033 599 1072 628 et
1097 589 1222 638 οἷργδν,
1255 591 1295 626 id
1323 596 1381 627 est
1402 589 1462 628 ουίι
1481 588 1516 626 ἓν
1541 590 1572 627 ἔν

275 646 378 696 ἔργῳε
400 653 538 684 contra
557 646 665 694 ἐνεργοὶ
686 646 854 694 χρήματα
873 652 988 683 erant
1015 653 1248 695 quaestuosae
1259 644 1572 694 foenusquesspen-

231 696 235 698 Ἴ
272 705 426 740 sitantes
459 703 658 751 pecuniae,
698 708 886 737 monente
917 703 963 739 G.
994 702 1137 738 Budaeo
1169 702 1325 738 Comm.
1354 700 1467 749 Ling.
1499 701 1569 737 Gr.

275 769 313 805 p.
343 771 435 803 271.
457 757 538 793 vid.
565 759 720 793 Salmas.
748 755 796 791 de
823 758 941 804 Trap.
971 758 1085 793 Foen.
1112 769 1150 803 p.
1173 758 1264 799 [480.
1299 755 1460 792 Rariori
1491 767 1566 790 usu

272 812 380 860 apud
399 812 588 849 Demosth.
614 824 652 859 p.
671 811 744 857 547
760 837 770 854 ,
791 823 828 856 7.
852 809 972 849 ἐδέοντό
1001 826 1065 853 μου
1089 808 1231 847 &xysto-az
1257 809 1422 858 χρήματα
1445 810 1487 852 εἷς
1508 807 1568 846 τδν

273 864 399 904 Πᾶντον
414 866 591 915 Ἀρτέμωνι
607 888 627 895 -
648 886 666 894 -
684 867 742 902 nx)
759 862 1014 913 Ἀπολλοδώρῳ,
1041 863 1129 907 &mg
1148 866 1259 913 ἐνεργοὶ
1278 859 1375 907 ὦσιν,
1396 871 1435 900 ut
1457 877 1568 913 nego-

271 924 474 965 tiarentur,
494 921 576 957 sive
600 918 690 962 ἷπως
708 918 910 967 ἐργάσωνται
931 920 959 957 ἔν
979 919 1110 964 αὖτοῗς,
1138 931 1240 967 quae
1266 918 1419 966 phrasis
1438 926 1495 955 est
1521 919 1567 955 ill

270 979 337 1013 Εν.
362 976 502 1013 Matth.
521 989 617 1020 xxv,
642 975 702 1012 16.
721 975 938 1011 VALCK.
964 994 1015 1000 —
1049 976 1219 1011 Arcadas
1251 974 1367 1018 illos,
1398 974 1471 1022 qui
1501 974 1567 1009 hic

271 1037 575 1075 memorantur,
599 1026 816 1078 transfugas
839 1041 886 1065 ex
910 1031 1036 1076 Carya
1056 1029 1252 1066 Arcadiae
1280 1028 1426 1077 oppido
1453 1028 1568 1065 adve-

270 1085 373 1122 nisse
403 1091 581 1122 statuens
605 1086 794 1133 Heringa‚
826 1084 1054 1120 testimonio
1082 1084 1258 1120 maxime
1282 1086 1438 1120 Vitruvii
1472 1092 1588 1120 usus·

268 1146 373 1182 erat;
409 1141 482 1189 qui
516 1140 590 1177 lib.
617 1141 646 1175 I.
672 1151 756 1186 cap.
784 1151 816 1174 1.
835 1138 1033 1188 originem
1053 1140 1292 1190 Caryatidum
1310 1150 1413 1187 quae
1435 1138 1478 1174 in
1503 1151 1568 1174 ar-

267 1196 490 1232 chitectura
507 1199 703 1231 vocantur
727 1193 998 1241 expositurus,
1032 1194 1177 1244 Carya,
1205 1193 1284 1238 ait,
1307 1195 1434 1231 civitas
1464 1195 1570 1231 Pelo-

262 1252 417 1300 ponnesi
433 1277 443 1295 ,
463 1264 541 1286 cum
563 1250 682 1286 Persis
712 1249 874 1284 hostibus
898 1255 1028 1284 contra
1050 1249 1239 1284 Graeciam
1262 1251 1445 1285 consensit
1456 1262 1469 1293 ;
1493 1255 1568 1285 etc.

272 1307 429 1342 Vitruvii
447 1305 567 1342 verba
595 1303 676 1339 iam
701 1303 802 1339 olim
825 1305 1037 1340 Holstenius
1064 1302 1108 1338 in
1130 1303 1244 1340 Notis
1263 1303 1312 1338 ad
1331 1304 1454 1352 Steph.
1475 1304 1566 1354 Byz.

266 1372 351 1397 voe.
374 1358 494 1407 Κοίρυοι
518 1358 769 1406 adposuerat.
813 1358 927 1406 Quod
957 1364 1093 1393 autem
1111 1357 1192 1393 duo
1212 1357 1469 1405 Peloponnesi
1498 1371 1568 1406 op-

269 1414 363 1463 pida
395 1414 515 1450 fuisse
547 1419 733 1450 statuunt
759 1412 865 1449 docti
902 1412 1006 1457 viri,
1041 1425 1216 1461 quorum
1251 1413 1416 1461 utrique
1444 1411 1567 1460 Κοὶρυσι

267 1470 331 1505 vel
358 1467 490 1517 Κάρυαι
520 1480 685 1510 nomen3
719 1467 866 1504 rectius
898 1468 1058 1504 fortasse
1084 1467 1236 1503 di'cturi
1267 1475 1404 1512 erant,
1434 1480 1566 1503 unum

266 1523 456 1571 idemque
484 1523 681 1572 oppidum
709 1522 832 1567 olim,
865 1535 946 1571 quo
980 1528 1155 1570 tempore
1186 1523 1390 1559 Graeciam
1419 1524 1568 1559 Xerxes

268 1579 437 1623 invasit,
463 1578 659 1615 Arcadiae
685 1577 807 1614 fuisse
834 1577 1138 1622 contributum,
1161 1577 1305 1613 deinde
1336 1589 1430 1614 vero
1449 1580 1566 1614 Laco-

268 1634 381 1670 nicae
410 1634 560 1669 factum
586 1632 769 1669 ditionis.
797 1631 842 1670 S.

326 1689 359 1726 5.
395 1687 447 1726 τοὶ
480 1686 635 1736 ποιέοιεν)
680 1689 820 1736 Aeque
849 1688 1001 1723 bonum
1033 1688 1075 1724 τί
1105 1688 1249 1726 ποιέοιεν.
1292 1687 1564 1725 Verissimum

268 1744 484 1792 εἷρωτέων,
516 1740 607 1793 [lin.
630 1739 686 1793 6.]
711 1742 816 1778 unde
837 1741 974 1790 α’·γγέλῳ
998 1742 1167 1789 εἷρωτέοντι
1189 1744 1256 1779 IV.
1280 1743 1366 1786 145.
1386 1742 1563 1790 aliaque.

266 1797 396 1836 Malui
421 1809 584 1846 quoque
601 1794 686 1849 [lin.
703 1795 754 1846 7.]
775 1795 918 1839 οἵγοιεν
936 1795 1137 1838 Ὀλύμπιοι,
1161 1803 1206 1832 ut
1227 1795 1319 1839 οἴγειν
1337 1796 1562 1845 Ἀπατούριοιε

266 1853 443 1901 denique
468 1853 647 1901 θεωρέοιεν,
675 1852 961 1900 praeeuntibus
984 1863 1107 1886 manu
1133 1852 1302 1888 exaratis
1325 1852 1566 1900 exemplari-

266 1909 355 1945 hus.
387 1907 561 1945 Maxime
580 1919 673 1944 vero
694 1905 970 1943 memorabilis
988 1912 1044 1942 est
1068 1902 1156 1956 [lin.
1177 1920 1188 1942 1
1205 1904 1256 1958 1.]
1274 1910 1564 1955 Τριτανταίχ-

267 1978 350 2006 μης
382 1962 400 2000 o‘
426 1961 633 2011 Ἀρταβάνου
667 1964 797 1999 Vanae
827 1968 865 1998 et
885 1961 1025 2006 Arch.,
1055 1961 1186 2005 idem,
1216 1962 1276 1998 uti
1306 1961 1486 2005 videtur,
1516 1974 1562 1999 ac

268 2017 343 2053 lib.
364 2018 453 2054 VII.
473 2017 543 2053 82:
578 2018 758 2067 Tigranes
787 2016 893 2052 haud
922 2016 1087 2063 quidem
1112 2017 1270 2066 ignotus
1297 2016 1405 2052 inter
1433 2018 1563 2053 Persas

267 2078 346 2115 est,
367 2072 756 2108 Achaemenidarum
787 2078 901 2121 gente
931 2071 1241 2118 proseminatus3
1268 2071 1331 2107 sed
1360 2084 1562 2120 nusquam

268 2126 453 2165 Artabani
480 2126 614 2170 filius,
632 2129 719 2163 VII.
741 2128 804 2163 62.
823 2129 890 2163 IX.
914 2127 978 2175 95.
1014 2128 1147 2174 Quare
1168 2127 1239 2164 Th.
1261 2128 1372 2162 Galeo
1402 2124 1563 2176 [Τριταν-

239 2208 241 2210 -
267 2197 397 2227 ταιχμ.
428 2181 546 2217 unice
573 2178 782 2230 probanti]
807 2181 945 2217 videor
967 2180 1207 2229 adstipulari
1235 2192 1354 2229 posse.
1387 2182 1561 2219 WESS.

270 2256 321 2264 —-
352 2235 414 2272 Ad
435 2236 620 2272 eumdem
640 2238 911 2284 Τριτανταίχμῃ
929 2243 1103 2283 spectare
1118 2236 1297 2280 videtur,
1318 2236 1424 2284 quod
1444 2238 1510 2273 lin.
1525 2237 1562 2274 5.

269 2290 486 2335 scribitur,
507 2289 548 2333 εἷς
568 2288 602 2328 δῖ’
616 2307 663 2334 τις
678 2290 742 2339 πρδ
763 2289 896 2327 πάντων
916 2298 985 2327 etc·
1009 2290 1053 2328 S.

327 2359 364 2392 7.
393 2345 434 2388 ὥς
458 2344 640 2387 Ὀλύμπιοι
668 2342 884 2395 διάγοιεν)
926 2344 1160 2381 Doctissimo
1195 2347 1240 2382 G.
1266 2348 1406 2383 Koenio
1436 2345 1564 2383 corri-

269 2401 443 2449 gendum
464 2400 697 2445 videbatur,
719 2399 758 2443 ὥς
776 2398 960 2441 Ὀλύμπια
980 2398 1025 2439 Bm*
1052 2398 1208 2442 ἄγοιεν.
1239 2403 1317 2437 Hoc
1336 2401 1438 2436 mihi
1458 2401 1560 2438 olim

269 2456 391 2492 etiam
415 2455 616 2504 placeba13
648 2467 780 2505 nunc,
805 2454 838 2491 si
858 2456 1049 2503 praebent
1066 2455 1140 2492 alii
1161 2456 1322 2494 Codices
1345 2456 1561 2493 lectionem.
