1718 2919
317 217 389 254 132
600 210 1344 251 ADNOTATIONES

312 315 488 358 καννάβιος
518 321 591 352 etc.
623 315 666 351 in
700 315 993 363 superioribus.
1043 314 1263 351 Iustissimo
1299 313 1484 361 deinceps
1518 312 1609 348 iure

309 371 591 408 Themistocles
622 370 831 407 Adimanti
866 370 1201 418 inportunitatem
1228 368 1402 418 castigat.
1442 367 1606 404 Dixerat

309 426 416 462 idern
434 426 611 470 civibus,
631 425 664 462 si
683 427 821 462 Iustino
843 426 937 462 fides
958 427 1004 461 II.
1027 439 1038 460 1
1051 439 1086 460 2.
1100 451 1109 469 ,
1129 426 1293 461 Patriam
1312 426 1503 472 municipes
1519 424 1606 466 isse,

309 496 384 518 non
411 483 572 526 moenia;
594 483 840 530 civitatemque
862 495 935 517 non
956 483 994 516 in
1012 482 1201 529 aedficiis,
1223 481 1283 516 sed
1303 482 1341 515 ἱη
1361 479 1489 516 civibus
1506 479 1608 528 posi·-

308 544 402 581 tam,
433 542 470 572 et
491 535 655 585 quidem
682 536 899 572 verissime.
935 535 1050 572 Cons.
1074 538 1124 571 H.
1147 536 1311 571 Grotium
1340 534 1485 570 delur.
1504 535 1605 571 Bact

306 593 389 630 Pac.
417 593 463 628 II.
493 605 528 641 9,
558 604 593 637 7.
636 593 823 627 Ceterum
853 591 1041 627 Plutarch.
1061 590 1250 626 Themist.
1282 602 1316 637 p.
1340 602 1428 634 ¹¹7·
1449 603 1482 626 ε.
1501 587 1602 625 Adi-

306 646 434 683 manti
462 646 678 682 memoriae
707 645 902 693 pepercit,
932 645 1060 682 nescio
1079 656 1198 693 quem
1222 643 1485 681 Eretriensem
1504 670 1515 688 ,
1536 642 1601 680 sed

304 715 325 738 a
345 701 608 738 Themistocle
627 713 674 737 ex
692 700 916 737 virtutibus
935 706 1123 737 ornatum
1137 727 1146 744 7
1176 700 1379 736 advocans.
1410 701 1466 737 W
1481 700 1546 736 ES
1560 699 1600 736 S·

306 777 356 783 —
387 758 444 794 De
473 762 565 792 tono
593 757 726 792 vocab.
752 755 915 799 οἷπόλι,
945 756 988 791 in
1017 754 1242 804 penultima
1273 753 1477 802 ponendo,
1506 754 1597 791 vide

308 814 396 849 Var.
416 814 518 848 Lect.
537 811 584 847 ad
608 812 646 847 h.
664 812 691 847 l.
710 816 748 846 et
768 810 815 846 ad
839 813 866 846 I.
890 819 933 855 41
952 838 961 855 ,
979 812 1015 847 3.
1044 809 1088 848 S.
1558 804 1560 807 V

360 881 397 914 7.
425 866 513 904 Τότε
534 864 593 916 δὲ)
615 865 898 909 scribendum,
918 864 1007 904 Τότε
1026 863 1066 902 δὲ
1084 862 1121 904 δή
1139 871 1207 901 etc.
1241 863 1303 900 Ad
1325 862 1399 900 ista
1419 875 1596 912 namque

302 934 336 958 e.
359 924 442 966 60„
472 921 560 960 Τότε
589 924 646 961 μὲν
681 920 784 963 inim
818 919 898 968 πρός
925 919 981 958 τόν
1012 920 1166 968 Κορίνθιον
1197 917 1399 963 οἶμείψατο,
1421 918 1514 955 haec
1536 930 1597 955 re-

302 977 521 1025 spondent:
549 975 637 1014 Τότε
657 973 687 1013 δὲ
712 973 747 1016 δνὶ
774 974 792 1012 ό
816 981 907 1015 Θεμ..
934 973 1035 1012 κεῖνόν
1058 990 1093 1013 τε
1112 977 1169 1011 xx}
1188 972 1261 1016 τούς
1279 974 1454 1021 Κορινθίους
1477 971 1595 1011 πολλοί

301 1048 335 1070 τε
366 1034 424 1069 καὶ
453 1029 548 1068 κακοὶ
577 1029 682 1073 ἔλεγε.
732 1031 1042 1066 Exacerbaverat
1070 1028 1262 1077 inprimis
1291 1027 1597 1065 Themistoclem

300 1086 513 1123 Adimanti
534 1098 607 1122 vox
634 1084 925 1121 inconsiderata
949 1083 1069 1122 κ”πσλιν
1098 1082 1197 1132 ἄνδρα
1213 1082 1412 1124 vocantis,
1442 1083 1513 1131 qui
1536 1098 1598 1119 ur-

302 1141 396 1186 bem,
429 1147 474 1177 ut
498 1140 606 1177 canit
627 1140 899 1183 Claudianus,
928 1142 1063 1175 carinis
1095 1141 1224 1183 Vnst,
1254 1145 1289 1174 et
1315 1151 1466 1175 arsuras
1488 1139 1596 1176 Medo

298 1197 466 1234 subduxit
481 1196 662 1233 Athenas.
693 1194 813 1243 Apud
833 1196 975 1231 suidam
992 1194 1035 1229 in
1053 1192 1282 1239 Ἀδείμαντος,
1304 1193 1596 1240 Themistocles,

299 1253 368 1295 τίς,
404 1250 511 1293 εἶπεν,
544 1248 688 1294 ἄπολις,
723 1249 811 1295 ἔχων
838 1248 867 1287 σ·’
897 1249 1038 1297 τριήρεις.
1086 1251 1143 1285 Ex
1170 1247 1358 1284 historico
1388 1248 1595 1296 deperdito

296 1306 492 1354 descripta
522 1305 717 1353 quaedam
746 1305 824 1340 huc
850 1305 1067 1352 spectantia
1097 1304 1216 1339 habet
1243 1303 1399 1352 egregia
1420 1304 1517 1340 Plut.
1548 1303 1594 1340 in

296 1361 484 1399 Themist.
507 1373 545 1408 p.
567 1374 578 1395 1
595 1373 654 1407 17.
673 1374 706 1396 E.
726 1361 939 1396 VALCK.
959 1380 1009 1386 —-
1040 1361 1223 1395 Potuerat
1241 1358 1444 1394 commode
1457 1358 1595 1395 adver-

297 1417 421 1453 sativa
441 1413 478 1453 δὲ
499 1415 697 1463 particula
717 1420 810 1450 ante
834 1412 870 1454 δνῖ
889 1414 1031 1450 adiici:
1060 1414 1123 1450 sed
1144 1414 1332 1463 ignorant
1355 1426 1442 1451 eam
1467 1413 1592 1459 libri,

298 1485 347 1508 ne
364 1471 581 1507 admodum
596 1470 761 1519 quidem
782 1470 1038 1506 necessariam
1052 1496 1061 1513 e
1081 1482 1210 1517 quum
1235 1468 1466 1516 praesertim
1484 1468 1592 1505 istud

296 1527 385 1566 Τότε
411 1529 470 1569 μὲν
498 1538 583 1573 cap.
612 1526 682 1570 60,
717 1538 749 1562 1.
783 1524 907 1560 nimis
937 1526 1053 1574 longe
1079 1524 1174 1560 hinc
1201 1524 1324 1569 absit,
1358 1524 1592 1572 ibidemque

295 1583 416 1619 etiam
438 1581 632 1617 continuo
654 1578 683 1618 δὲ
703 1580 902 1628 particula
922 1579 1177 1616 subiiciatur.
1206 1578 1251 1616 S.

404 1634 549 1676 CAP.
580 1632 738 1674 LXII.
770 1648 789 1671 2
815 1649 888 1685 seq.
938 1634 990 1673 Eu*
1025 1635 1050 1671 εἰ
1082 1636 1198 1677 μενέεις
1228 1630 1361 1680 aziz-03)
1402 1636 1592 1672 Errorem.

298 1695 428 1729 Vallae
446 1697 720 1741 propagarunt
736 1697 986 1727 correctores.
1014 1692 1162 1726 Locum
1180 1690 1243 1725 hic
1260 1688 1416 1724 invenit
1434 1689 1591 1738 ellipsis

293 1748 342 1784 de
357 1748 672 1797 elegantioribus
689 1762 695 1780 τ
722 1746 773 1784 Σύ
796 1747 821 1783 εἶ
839 1748 954 1789 μενέεις
974 1744 1081 1782 αὐτοῦ
1100 1747 1157 1781 καὶ
1175 1746 1275 1786 μένων
1292 1741 1382 1780 ἔσεαι
1400 1743 1477 1791 civi?
1496 1743 1591 1786 αἶγα.-

293 1802 372 1846 θός·
393 1832 401 1840 .
427 1832 435 1840 .
458 1828 468 1838 .
489 1831 497 1840 .
530 1803 556 1839 εἶ
577 1800 607 1840 δὲ
627 1800 698 1843 mi,
716 1800 912 1849 οἷνκτρέψεις
931 1797 1167 1841 τῆνἙλλοέδκ.
1201 1801 1255 1835 Tu
1277 1800 1307 1835 si
1327 1799 1386 1834 hic
1404 1802 1592 1846 manseris,

292 1866 327 1895 et
354 1872 499 1894 manens
521 1872 594 1904 rem
613 1857 695 1893 bene
714 1857 887 1905 gesseris,
914 1855 995 1891 sive
1020 1857 1132 1890 virum
1160 1860 1193 1891 te
1212 1855 1468 1903 praestiteris5
1495 1867 1591 1902 sup-

293 1913 488 1961 plendum
511 1911 767 1960 relinquitur
787 1909 899 1952 σώσεις
927 1909 983 1951 τήν
1010 1907 1182 1951 Ἐλλάδα,
1216 1909 1278 1945 vel
1302 1907 1463 1956 ὀρθώσεις,
1493 1916 1590 1955 aut,

291 1969 322 2004 si
340 1968 431 2017 quis
458 1968 600 2012 malit,
620 1966 726 2015 quod
747 1965 951 2014 plerisque
976 1964 1072 2000 locis
1092 1970 1273 2000 veterum
1297 1963 1505 2012 congruit,
1523 1980 1591 2002 ux-

290 2024 376 2066 λῶς,
399 2024 462 2059 vel
485 2018 521 2060 εὖ
552 2024 593 2059 (ἲν
616 2021 711 2067 ἔχοις
745 2028 865 2069 prout
895 2021 997 2055 hanc
1027 2019 1193 2067 ellipsin
1226 2019 1387 2066 supplet
1410 2019 1590 2068 Tryphon

290 2077 334 2113 in
374 2078 516 2113 libello
552 2079 621 2124 περὶ
661 2075 801 2124 Τρόπων
845 2075 1027 2110 nondum
1069 2075 1188 2111 edito.
1248 2072 1421 2120 Ellipsin
1469 2073 1588 2110 illam

289 2133 474 2181 quamvis
504 2132 657 2180 copiose
678 2130 936 2166 tractaverint
962 2132 1013 2166 H.
1030 2130 1154 2177 Steph.
1182 2129 1324 2166 Anim.
1350 2128 1393 2163 in
1419 2129 1591 2167 Corinth.

289 2201 328 2236 p.
353 2189 399 2224 23
422 2199 500 2236 seq.
533 2187 574 2221 in
598 2186 766 2234 Xenoph.
795 2199 833 2233 p.
858 2186 921 2235 59.
941 2191 979 2220 et
1000 2185 1153 2221 Casaub.
1180 2184 1223 2219 in
1251 2184 1386 2220 Athen.
1413 2196 1450 2230 p.
1475 2184 1587 2227 553.;

287 2243 491 2279 librorum
514 2249 643 2278 tamen
666 2247 845 2277 veterum
867 2239 1064 2282 Editores,
1091 2240 1227 2274 minus
1243 2238 1409 2275 attenti.
1430 2238 1593 2275 lectori-

286 2300 361 2335 bus
396 2298 514 2333 illam
546 2297 628 2332 suis
659 2307 771 2342 saepe
802 2295 1006 2343 designare
1034 2296 1309 2342 neglexerunt.
1354 2295 1491 2329 Unum
1522 2293 1588 2330 hic

287 2366 433 2402 ponam
452 2352 682 2399 exemplum
703 2362 750 2386 ex
769 2352 956 2386 Herodoto
976 2350 1023 2384 de
1047 2349 1128 2384 vita
1152 2351 1259 2385 Hom.
1288 2362 1320 2384 c.
1346 2348 1409 2384 33.
1433 2348 1503 2384 ubi
1522 2361 1589 2385 ve-

285 2410 351 2445 lut
372 2409 593 2444 Eiresioncs
609 2409 822 2442 Homereae
840 2410 1057 2452 posuerunt
1074 2404 1141 2441 hos
1157 2416 1336 2440 enormes
1357 2403 1437 2439 duo
1452 2415 1588 2440 versus

285 2464 482 2501 Editores:
509 2462 588 2514 (de
607 2463 773 2499 Barnesii
802 2460 910 2496 nihil
936 2459 1002 2496 hic
1030 2458 1118 2496 dico
1145 2454 1366 2509 licentiae)
1388 2455 1529 2498 “Eo-‘tna’
1557 2458 1586 2495 ἐν
