1718 2919
261 269 354 307 AD
399 267 785 307 HERODOT.
815 267 930 308 VII.
961 270 1026 309 25.
1057 269 1127 307 26.
1291 269 1368 318 295

69 373 179 411 nihil
213 373 472 410 suavissimus
503 372 695 420 scriptor,
732 377 954 421 utrumque
986 372 1128 409 Xerxis
1164 384 1285 419 opus,
1319 370 1367 408 τοὶ

68 430 227 469 βασίλειοι
265 434 304 464 et
334 426 539 475 ἀκρόπολιν,
575 427 757 463 disertim
784 439 1000 464 secernens.
1054 427 1176 464 Fluxa
1205 426 1300 462 hinc
1327 431 1366 462 et

69 495 162 532 vaga
192 495 238 518 ex
263 484 387 520 Curtio
405 485 474 530 περὶ
497 483 556 525 τῆς
581 480 681 530 ἄκρης
706 483 770 519 τῶν
797 482 981 520 Κελαινέων
1007 480 1240 529 disputatio.
1279 482 1362 517 Iam

67 535 256 584 adfontes
278 541 453 588 Marsyae
481 537 585 585 regia
616 549 708 573 cum
743 536 890 581 fuerit,
920 537 1186 572 absonum-ne
1206 535 1367 584 putabi-

69 589 297 638 tur‚forum
314 591 463 628 ibidem
482 591 647 640 aliquod
668 591 906 627 admittere?
937 591 1009 628 Sed
1029 591 1124 627 hinc
1143 593 1261 636 abeo,
1282 602 1366 626 ma-

67 647 136 697 gni
156 649 323 684 Salmasii
348 646 559 695 ingenium
588 646 778 682 laudibus
811 646 952 682 ferens.
983 646 1167 684 WESS.
1203 665 1254 671 —
1293 644 1363 682 Nil

66 714 167 750 opus
186 713 265 738 esse
285 706 331 738 ut
350 705 375 738 l.
398 715 409 736 1
422 714 458 737 2.
479 714 570 737 cum
586 701 784 738 Abreschio
806 699 976 743 ἕλικ’σσονες
997 713 1069 748 pro
1090 698 1263 742 ἐλάσσονος
1281 711 1365 735 cor·

64 756 245 806 rigatur,
266 762 368 793 recte
380 754 592 803 Schaefhrus
608 757 655 792 ad
674 757 828 805 Gregor.
842 755 949 792 Dial.
963 755 1088 791 Attic.
1107 751 1140 804 ᾧ.
1155 755 1219 804 59.
1235 755 1366 790 obser—

65 811 197 855 vavit,
218 811 288 848 ubi
301 811 350 847 de
367 812 596 859 pleonasmo
614 811 777 848 voculae
795 809 816 851 ἢ
837 816 923 858 post
943 809 1262 858 comparativum
1283 809 1365 858 agi-

64 870 149 904 tur.
174 864 221 905 S.

125 922 186 958 16.
209 920 374 970 Μαρσύεω
394 916 558 970 οἷτκδς)
580 920 818 969 Xenophonti
837 917 957 965 δέρμα,
977 921 1133 957 Aeliano
1147 922 1245 957 Var.
1263 918 1365 955 XIII.

69 989 135 1012 21.
155 973 255 1024 δοραὶ,
291 976 361 1012 ubi
385 976 469 1013 Cel.
488 976 693 1012 Perizonius
714 987 850 1011 omnes
870 974 1146 1022 reprehendit,
1173 973 1246 1022 qui
1277 975 1366 1009 Val-

66 1034 141 1068 lam
171 1031 295 1067 secuti
322 1033 497 1078 Marsyae
523 1032 670 1078 pellem
700 1033 791 1067 utris
809 1027 942 1076 forma
972 1041 1201 1077 suspensam
1227 1028 1364 1065 volue-

64 1091 188 1123 runt:
219 1084 326 1124 α’σκδν
353 1086 482 1134 ipsam
504 1097 582 1121 esse
597 1089 738 1135 pellem.
771 1086 884 1121 Paria
911 1085 1147 1121 Hutchinson
1171 1083 1217 1120 ad
1239 1085 1365 1120 Xeno-

57 1142 236 1191 phontem
251 1139 369 1179 Ἀνκβ.
386 1143 415 1177 Ι.
431 1153 469 1188 p.
489 1153 549 1175 11.
578 1142 729 1178 Volens
748 1140 914 1188 utrique
927 1151 1019 1175 eum
1037 1140 1098 1177 τοῦ
1115 1138 1226 1176 οἷο-κοῦ
1241 1150 1362 1174 usum

61 1195 237 1245 largior:
266 1197 415 1232 Vanam
442 1195 626 1231 tuebitur
651 1197 760 1233 Plato
784 1194 957 1241 Euthyd.
986 1207 1024 1242 p.
1047 1195 1136 1230 285.
1157 1208 1192 1229 D.
1216 1192 1316 1236 ἐίμοι
1341 1192 1362 1233 ἦ

63 1247 141 1299 &eoi
160 1249 210 1293 μὴ
229 1250 270 1293 εἷς
291 1249 398 1289 οἷο-κᾶν
417 1249 619 1293 τελευτήσει,
644 1248 749 1298 ὥσπερ
776 1249 796 1290 ’ἦ
825 1250 886 1287 τοῦ
905 1248 1087 1298 Μαρσύου,
1124 1246 1204 1285 ἄλλ’
1225 1248 1266 1290 εἷς
1289 1247 1364 1296 α’ρε·

60 1304 140 1346 τῆιιτ
167 1306 270 1342 modo
290 1307 451 1355 nepellis
470 1306 556 1341 mihi
572 1308 610 1341 in
625 1313 756 1350 utrem,
776 1306 880 1341 sicuti
898 1308 1092 1356 Marsyae,
1113 1305 1255 1340 desinat
1269 1329 1279 1348 ‚
1301 1303 1362 1339 sed

60 1362 102 1397 in
123 1362 304 1397 virtutem.
334 1360 514 1401 WESS.

124 1416 169 1452 15
188 1430 261 1465 seq.
283 1416 310 1452 ἐν
331 1416 378 1464 τῇ
394 1417 451 1452 καὶ
471 1435 486 1442 -
505 1437 524 1443 -
543 1435 560 1443 -
580 1412 747 1460 Μαρσύεω
763 1412 896 1457 οἷο-κδς
920 1415 955 1452 ἔν
976 1415 1027 1462 τῇ
1046 1413 1147 1452 πόλι
1167 1412 1362 1462 οἶνοικρέμοι-

62 1467 137 1518 racc)
158 1471 241 1519 Qui
255 1470 390 1507 vicina
406 1469 516 1506 docte
532 1469 737 1513 tractavit,
752 1471 965 1506 Salmasium
982 1470 1025 1504 in
1040 1472 1154 1506 Solin.
1168 1469 1266 1505 dum
1280 1481 1360 1505 sae-

63 1524 157 1573 pius
175 1525 250 1562 ista
268 1524 534 1569 describebat,
557 1525 618 1561 his
639 1524 768 1561 miror
789 1537 868 1560 non
889 1524 1011 1560 fuisse
1026 1525 1222 1560 offensum
1238 1551 1247 1568 ,
1268 1525 1296 1561 ἐν
1316 1524 1360 1571 τῇ

60 1600 79 1608 -
94 1600 112 1608 -
131 1601 148 1608 -
165 1581 193 1618 ἔν
208 1581 253 1629 ri?
268 1579 364 1618 πόλι.
396 1580 566 1617 Voculis
588 1580 616 1617 ἐν
634 1581 680 1628 rs?
699 1579 854 1615 omissis
868 1606 877 1624 ‚
895 1579 1102 1627 sequentia
1122 1579 1177 1615 sic
1194 1581 1359 1616 Perizon.

59 1634 378 1683 interpretatur,
395 1637 503 1672 eliam
520 1636 629 1671 Sileni
648 1638 824 1685 Marsyae
841 1637 931 1670 cutis
946 1637 984 1670 in
998 1636 1064 1670 illa
1085 1634 1168 1671 urhe
1186 1648 1359 1683 suspensa

60 1696 114 1727 est
126 1717 135 1735 ,
150 1689 198 1726 ad
211 1692 358 1727 Aeliani
372 1693 468 1726 Var.
480 1689 579 1726 Hist.
595 1691 696 1726 XIII.
710 1702 772 1725 21.
791 1689 1061 1737 Reprehendit
1074 1689 1132 1725 ibi
1146 1689 1211 1725 vir
1225 1690 1358 1726 Celeb.

65 1746 230 1790 Vallam,
250 1745 317 1781 cui
341 1757 421 1780 non
439 1757 655 1793 sanequam
676 1745 847 1780 absurde
868 1747 1043 1796 Marsyae
1062 1747 1169 1793 pellis
1191 1746 1231 1780 in
1245 1751 1359 1780 utrem

60 1799 216 1836 dicitur
233 1797 426 1847 formata:
466 1814 593 1849 corpus
628 1799 793 1848 quidem
826 1799 947 1835 etiam
981 1799 1160 1835 hominis
1188 1800 1359 1848 figurate

60 1860 227 1891 vocatur
242 1854 396 1898 θύλακος
410 1860 448 1890 et
464 1854 572 1897 α’σκᾶς
583 1880 593 1896 ,
610 1855 674 1891 sed
696 1854 802 1902 quod
824 1860 966 1890 notum
991 1866 1070 1891 esse
1085 1853 1228 1890 scribit
1241 1855 1353 1891 Periz.

61 1921 199 1946 vereor
227 1914 273 1946 ut
294 1910 455 1957 probari
481 1909 614 1957 possit.
659 1909 877 1958 Sequitur,
908 1915 954 1945 ut
976 1921 1110 1957 saepe,
1134 1910 1357 1946 Perizonium

61 1965 262 2002 Hutchins.
282 1965 330 2000 ad
346 1965 516 2014 Xenoph.
538 1971 618 2012 Κυρ.
640 1963 709 2001 'Am
729 1977 768 2012 p.
790 1977 848 2000 11.
879 1964 987 2011 Quid
1011 1977 1103 2001 vero
1122 1964 1270 2000 facient
1295 1964 1356 2000 his

62 2020 228 2056 Platonis
256 2019 299 2054 in
326 2020 498 2067 Euthyd.
522 2033 560 2067 p.
581 2019 670 2055 285.
697 2034 734 2056 D.
758 2018 789 2056 εἴ
810 2035 865 2060 μοι
892 2019 911 2059 ri
938 2016 1014 2067 δοροῖ
1038 2018 1086 2063 m}
1112 2020 1154 2062 εἷς
1177 2018 1285 2056 οἷο-κᾶν
1304 2035 1356 2057 τε·

63 2072 230 2116 λευτνῖσει,
249 2072 353 2122 ὥσπερ
375 2074 467 2113 viro?
482 2072 667 2122 Magmv'ov?
696 2076 785 2111 Non
798 2075 1051 2110 Athenarum
1069 2079 1227 2110 tantum
1248 2086 1358 2110 acro-

62 2128 187 2175 polis,
206 2128 270 2165 sed
289 2129 466 2166 aliarum
487 2129 608 2164 etiam
631 2129 798 2165 urbium
813 2143 913 2166 arces
929 2141 1226 2178 nonnunquam
1243 2127 1358 2171 πόλεις

62 2188 278 2219 vocantur:
299 2190 339 2220 et
357 2184 423 2220 hic
444 2183 552 2220 nihil
573 2183 811 2232 impediret,
832 2197 913 2232 quo
930 2184 1067 2221 minus
1087 2185 1115 2222 ἐν
1133 2186 1179 2232 τῇ
1204 2182 1288 2221 πόλι
1310 2184 1354 2219 in

62 2235 173 2273 hunc
197 2250 354 2275 sensum
372 2239 664 2287 acciperemus;
693 2252 785 2275 nam
807 2239 936 2277 Sileni
958 2240 1076 2287 pellis
1097 2239 1142 2275 in
1166 2250 1255 2275 arce
1277 2239 1357 2275 fuit

65 2303 265 2339 suspensa.
293 2295 529 2344 Xenophonti
550 2294 667 2336 Ἀναβ.
688 2297 716 2331 Ι.
741 2308 779 2342 p.
804 2295 898 2340 146,
917 2295 952 2331 6.
977 2296 1072 2331 aula
1094 2294 1209 2343 Regis
1236 2293 1358 2330 fuisse

67 2346 246 2383 traditur
265 2349 445 2385 Celaenis
461 2351 513 2387 ἐπὶ
537 2352 612 2392 ταῖς
631 2353 758 2392 πηγαῖς
781 2350 842 2387 τοῦ
864 2348 1026 2397 Μαρσύου
1045 2351 1206 2392 norvenos?
1223 2348 1292 2387 ιῖπδ
1311 2352 1357 2397 ry?

68 2399 262 2449 οέκροπσ’λει·
282 2423 299 2430 ·-
314 2423 332 2430 -
353 2424 370 2431 -
392 2405 534 2442 ἐνταῦθα
553 2404 686 2446 λέγεται
709 2402 888 2442 Ἀπόλλων
917 2402 1050 2452 ἐκδεῖραι
1077 2402 1245 2453 Μαρσύαν
1270 2403 1359 2445 vimi-

69 2471 151 2498 σοις,
177 2480 192 2486 ·
211 2477 229 2484 -
247 2477 265 2484 -
296 2459 352 2494 καὶ
381 2456 422 2496 ‘to'
454 2456 557 2507 δέρμα
584 2457 752 2506 κρεμάσαι
780 2459 808 2496 ἐν
837 2460 887 2506 τῷ
916 2455 1042 2507 ἄντρῳ,
1062 2457 1141 2497 ἕθεν
1169 2460 1205 2496 αἱ
1230 2461 1353 2502 πηγαί.

65 2509 136 2546 Sed
158 2511 260 2548 arcis
278 2512 384 2559 apud
409 2514 549 2550 Herod.
568 2513 721 2550 mentio
743 2513 825 2550 iam
850 2520 1129 2562 praecesserat;
1162 2526 1257 2551 nam
1277 2527 1356 2550 non
