1718 2919
357 268 452 307 AD
489 266 985 308 HERODOT.VI.
1025 266 1090 317 57.
1314 268 1387 307 181

98 368 282 413 ἒμποίμων,
307 369 362 406 sic
392 368 412 409 ἦ
442 370 609 417 ἐπίκληρος
636 369 789 406 dicitur
820 367 977 418 ξ’γκλκρος
1007 370 1050 405 in
1080 369 1387 418 Euripid.1phig.

97 427 216 461 Taur.
233 437 288 461 vs,
307 426 396 460 682.
417 426 499 461 VA
513 426 580 461 LC
595 427 644 461 K.

156 481 219 515 28.
249 476 301 516 δύο
319 477 453 521 ψήφους
466 477 663 524 τιθεμένους)
699 480 943 528 Thucydidem
957 505 966 522 ⁷
983 479 1262 527 gravissimum
1283 478 1388 515 Scri-

98 539 275 582 ptoaem,
308 533 379 569 lib.
400 535 428 569 I.
453 547 516 569 20.
542 533 660 569 tacito
688 535 867 570 Herodoti
891 533 1055 569 nomine
1088 535 1180 569 haec
1210 533 1299 569 falsi
1324 546 1387 569 ar-

97 588 245 637 guisse,
263 590 410 625 Meursii
430 589 521 636 Reg.
541 590 681 625 Lacon.
702 601 735 625 e.
759 590 821 624 25.
842 594 881 624 et
906 590 1074 624 Palmerii
1094 588 1387 625 animadversio

96 650 166 678 est.
195 643 389 690 Equidem
409 642 489 678 duo
508 642 679 692 singulis
707 643 866 692 regibus
892 643 1079 692 suffragia
1111 655 1191 679 non
1214 642 1387 692 largior,

98 697 291 745 valdeque
319 709 476 742 vereor,
509 703 555 733 ut
580 699 699 733 verba
731 695 784 735 δύο
809 695 944 741 ψήφους
970 698 1144 740 τιθεμένους
1179 697 1268 732 illis
1296 708 1388 733 con-

99 751 295 788 tribuant.
340 753 491 802 Regum
523 753 750 789 absentium
780 751 906 788 vicem
939 752 1112 788 maxime
1140 752 1389 800 propinquos

97 805 241 842 obiisse
277 812 315 843 et
345 807 424 843 duo
459 806 631 854 posuisse
668 807 841 843 calculos
874 806 1090 852 scribitur,
1140 806 1389 855 tertiumque

98 874 238 897 suum:
268 860 430 898 totidem
452 873 542 910 ergo
564 862 742 898 ferebant
757 861 944 910 suffragia
959 888 968 906 ‚
990 867 1089 910 quot
1108 862 1168 898 usi
1190 863 1308 897 ambo
1330 873 1389 897 re-

97 928 159 965 ges
189 915 379 961 fuissent,
411 916 596 952 modo-ne
629 929 804 953 consessu
837 917 1124 953 abstinuissent
1155 916 1385 958 seniorum;

98 970 284 1007 tulissent
301 978 434 1008 autem
466 978 684 1019 praesentes
708 971 809 1015 duo,
832 970 983 1020 singuli
1007 983 1142 1008 suum.
1180 971 1293 1007 Haud
1315 971 1390 1007 ita-

99 1037 177 1074 que
198 1025 293 1061 bina
320 1026 492 1075 singulis
519 1027 707 1076 suffragia
734 1027 805 1062 hac
825 1025 868 1061 in
889 1025 1168 1073 descriptione.
1211 1026 1283 1063 Sed
1304 1038 1390 1062 rem

99 1092 178 1116 non
201 1092 340 1129 urgeo:
368 1081 459 1116 falli
489 1093 659 1128 possum.
691 1081 876 1120 WESS.

153 1135 244 1171 Ibid.
274 1132 327 1172 δύο
354 1134 490 1179 ψήφους
512 1133 711 1183 τιθεμένους)
742 1137 916 1185 Denegat
941 1136 1041 1171 hanc
1065 1135 1391 1172 Lacedaemonio-

97 1201 190 1225 rum
212 1189 371 1239 regibus
399 1191 711 1239 praerogativam
735 1191 900 1241 Thuqyd.
920 1192 946 1226 I.
971 1203 1054 1235 20„
1074 1202 1193 1238 quem
1220 1190 1392 1226 Herodo-

98 1249 157 1280 tea
183 1244 260 1280 sihi
292 1247 476 1281 sumsisse
500 1246 709 1281 refutanda
734 1257 823 1282 vere
853 1245 1014 1281 monuit
1037 1252 1130 1280 ante
1155 1247 1309 1282 Palmer.
1335 1246 1390 1282 Io.

98 1302 232 1336 Mem-s.
252 1299 300 1335 de
319 1300 442 1349 Regn.
462 1303 548 1336 Lac.
575 1313 609 1337 c.
631 1301 693 1337 23.
718 1300 765 1335 de
793 1306 1022 1336 senatorum
1050 1312 1166 1349 agens
1185 1306 1223 1336 et
1250 1312 1390 1336 nume-

96 1367 141 1391 ro
161 1360 199 1391 et
217 1353 435 1403 dignitate,
459 1355 568 1392 Misc.
587 1358 674 1391 Lac.
700 1356 747 1391 ΙΙ.
773 1367 806 1391 c.
828 1364 864 1399 [1.
894 1355 1014 1391 Plura
1034 1355 1195 1391 dederat
1219 1357 1273 1391 N.
1300 1356 1392 1392 Cra-

96 1411 177 1458 gius
199 1409 273 1447 lib.
294 1411 340 1446 ΙΙ.
365 1422 449 1457 cap.
481 1410 515 1447 3.
561 1410 773 1447 Civitatem
803 1416 997 1446 memorat
1026 1410 1202 1445 Indicam
1235 1412 1389 1447 Diodor-

97 1465 222 1501 XVII.
248 1473 357 1509 104„
380 1464 496 1500 cuius
520 1465 646 1501 forma
667 1465 877 1514 regiminis
899 1465 1115 1511 Spartanae
1135 1465 1260 1500 fuerit
1278 1465 1392 1501 simi-

97 1518 147 1554 lis
175 1518 280 1567 quod
307 1519 356 1555 ad
385 1520 551 1556 Senatus
576 1521 853 1556 auctoritatem
882 1519 1077 1568 binosque
1106 1521 1225 1568 Reges
1246 1532 1267 1555 e
1293 1520 1391 1556 dua-

98 1573 172 1609 bus
195 1585 349 1621 semper
372 1574 560 1618 familiis,
590 1575 654 1612 τῶν
681 1573 774 1612 κατ-εὶ
808 1573 956 1616 πόλεμον
987 1575 1216 1622 πραττομένων
1247 1574 1393 1616 ἡγουμέ-

98 1643 176 1670 νους.
205 1631 263 1666 Ne
282 1629 434 1678 Regum
465 1634 630 1676 potestas
655 1629 699 1664 in
730 1629 983 1677 tyrannidem
1016 1629 1290 1677 degeneraret,
1319 1631 1392 1676 Ly-

96 1694 261 1732 eurgus,
279 1684 499 1720 secundum
517 1685 705 1721 Platonem
720 1684 843 1732 Epist.
857 1685 959 1721 VIII.
972 1697 1009 1731 p.
1025 1683 1114 1727 354.
1136 1698 1168 1720 R.
1182 1710 1191 1727 ‚
1212 1682 1390 1732 Φάρμακον

98 1738 252 1779 ἐπήνεγκε
282 1737 339 1775 ‘niv
376 1740 440 1776 τῶν
467 1736 622 1786 ’γερόντων
654 1737 783 1787 οἷζιχνῖν,
813 1740 871 1775 καὶ
903 1737 960 1776 τᾶν
989 1739 1053 1775 τῶν
1088 1736 1234 1785 Ἐφόρων
1262 1736 1391 1780 Bam-Mdv

98 1793 157 1835 τ-ιῖς
177 1793 359 1836 βασιλικῆς
377 1793 484 1841 α’ρχῆς
504 1792 666 1840 σωτήριον.
698 1793 868 1842 Insignis
889 1792 1065 1828 eiusdem
1087 1793 1194 1829 locus
1211 1798 1270 1828 est
1287 1794 1328 1828 T.
1345 1794 1392 1828 ΙΙ.

99 1859 186 1896 pag.
206 1848 297 1897 692.
314 1861 351 1885 A.
396 1849 520 1884 Curia
547 1851 611 1885 τῶν
635 1847 791 1897 γερόντων
824 1853 1129 1895 ceterorumque
1157 1859 1390 1883 annuorum

99 1901 405 1951 magistratuum
432 1903 656 1939 tribunalia
687 1903 757 1938 ubi
784 1902 940 1938 fuerint
963 1903 1127 1950 Spartae
1156 1902 1278 1938 tradit
1297 1904 1394 1938 Pau-

101 1969 182 1994 san.
198 1958 262 1994 III.
282 1971 320 2005 p.
341 1958 431 1994 251.
445 1984 455 2002 2
480 1959 539 2000 τῆς
559 1973 594 1994 τε
616 1959 786 2006 Γερουο-ίκς
804 1956 1024 2005 βουλευτήριον
1037 1983 1047 1999 ,
1075 1958 1133 1994 καὶ
1154 1958 1219 1994 τῶν
1237 1955 1385 2004 Ἐφόρων

101 2013 159 2048 καὶ
190 2011 447 2054 Νομοῶυλοὶκων
481 2014 539 2050 καὶ
569 2015 776 2054 καλουμένων
809 2010 955 2049 Βιδιαίων
983 2010 1107 2060 α’ρχεῖοῖ
1136 2012 1219 2049 ἔστιν
1247 2012 1300 2049 ἐπὶ
1329 2012 1390 2055 τῆς

103 2063 249 2114 οἶγοροῒςε
273 2066 317 2102 in
338 2067 489 2115 quibus
513 2066 793 2116 corrigendum
816 2066 1015 2106 arbitror,
1049 2069 1108 2104 καὶ
1132 2063 1391 2110 Νομοφυλοέκων

103 2121 307 2163 καλουμένων
336 2119 498 2159 Βιδιαίων.
537 2122 587 2157 Ηί
619 2121 749 2157 annui
776 2121 1053 2171 magistriam,
1084 2120 1234 2168 Ephori
1264 2125 1303 2156 et
1328 2119 1393 2156 Bi·

104 2174 227 2220 diaei‚
253 2175 333 2212 sive
358 2175 624 2223 Νομοφύλοικες,
652 2181 765 2212 erant
790 2177 884 2214 πέντε
914 2174 1051 2223 α’ριθμδν
1077 2173 1221 2223 ἑκάτεροι
1252 2186 1392 2211 secun-

101 2228 199 2265 dum
219 2232 437 2267 Pausaniam
450 2247 459 2264 .-
482 2236 617 2267 contra
637 2232 663 2269 οἱ
689 2232 829 2279 Γέροντες
847 2257 855 2275 ,
882 2242 1052 2267 numero
1069 2226 1298 2274 xxvn1‚‚31x*
1319 2230 1392 2269 βίου

105 2282 226 2323 ταύτην
244 2281 361 2329 ἔχουσι
385 2284 443 2325 riv
464 2284 583 2327 τιμνῖν,
605 2287 794 2322 Plutarch.
817 2289 860 2322 T.
881 2288 908 2322 Ι.
930 2297 1015 2334 pag.
1031 2286 1127 2335 597.
1139 2299 1172 2321 E.
1202 2284 1305 2326 Hinc
1329 2283 1393 2318 in-

104 2338 232 2387 telligi
256 2340 401 2385 poterit
424 2341 593 2389 Xenoph.
613 2340 710 2378 ‘Em
731 2342 794 2377 III.
815 2353 900 2390 pag.
920 2340 1017 2389 289,
1040 2353 1101 2377 20.
1118 2365 1128 2384 ,
1161 2338 1231 2374 ubi
1252 2349 1393 2374 nume-

107 2404 194 2430 rare
217 2393 344 2429 iussus
366 2393 483 2433 ὁπόσοι
510 2394 565 2432 εἷεν
594 2393 813 2443 Σπαρτιάται
841 2395 868 2431 ἐν
896 2395 943 2442 riq*
968 2393 1099 2442 οἷγορςῖ,
1132 2393 1288 2430 dicitur
1307 2393 1394 2441 οἶξιθ-

108 2445 218 2491 μήσας
244 2450 389 2487 βασιλέα
413 2465 447 2487 τε
472 2454 530 2487 καὶ
558 2447 714 2498 Ἐφόρους
741 2451 801 2487 καὶ
836 2449 989 2496 Γέροντας
1017 2451 1076 2486 καὶ
1105 2446 1229 2491 ἄλλους
1254 2448 1295 2491 ὦς
1320 2463 1391 2485 τεο·-

104 2500 307 2551 σαροέκοντοι.
329 2505 480 2542 VALC
494 2506 543 2542 K·
