<?xml version="1.0" encoding="UTF-8"?>
<!DOCTYPE html PUBLIC "-//W3C//DTD XHTML 1.0 Transitional//EN"
    "http://www.w3.org/TR/xhtml1/DTD/xhtml1-transitional.dtd">
<html xmlns="http://www.w3.org/1999/xhtml" xml:lang="en" lang="en">
 <head>
  <title>
</title>
<meta http-equiv="Content-Type" content="text/html;charset=utf-8" />
  <meta name='ocr-system' content='tesseract 3.04.00' />
  <meta name='ocr-capabilities' content='ocr_page ocr_carea ocr_par ocr_line ocrx_word'/>
</head>
<body>
  <div class='ocr_page' id='page_1' title='image "./musaesivehistori06hero_0487.png"; bbox 0 0 1718 2919; ppageno 0'>
   <div class='ocr_carea' id='block_1_1' title="bbox 0 1465 27 2635">
    <p class='ocr_par' dir='ltr' id='par_1_1' title="bbox 0 1465 27 2635">
     <span class='ocr_line' id='line_1_1' title="bbox 0 1465 27 2635; baseline 0 0"><span class='ocrx_word' id='word_1_1' title='bbox 0 1465 27 2635; x_wconf 95' lang='lat' dir='ltr'><strong> </strong></span> 
     </span>
    </p>
   </div>
   <div class='ocr_carea' id='block_1_2' title="bbox 271 225 1396 268">
    <p class='ocr_par' dir='ltr' id='par_1_2' title="bbox 271 225 1396 268">
     <span class='ocr_line' id='line_1_2' title="bbox 271 225 1396 268; baseline 0.004 -4"><span class='ocrx_word' id='word_1_2' title='bbox 271 226 366 264; x_wconf 81' lang='lat' dir='ltr'><strong>AD</strong></span> <span class='ocrx_word' id='word_1_3' title='bbox 414 225 802 265; x_wconf 85' lang='lat' dir='ltr'><strong>HERODOT.</strong></span> <span class='ocrx_word' id='word_1_4' title='bbox 838 226 956 267; x_wconf 90' lang='lat' dir='ltr'>VII.</span> <span class='ocrx_word' id='word_1_5' title='bbox 990 238 1082 267; x_wconf 82' lang='lat'>221.</span> <span class='ocrx_word' id='word_1_6' title='bbox 1111 237 1203 267; x_wconf 82' lang='lat'>222.</span> <span class='ocrx_word' id='word_1_7' title='bbox 1346 227 1396 268; x_wconf 82' lang='lat'><strong>53</strong></span> 
     </span>
    </p>
   </div>
   <div class='ocr_carea' id='block_1_3' title="bbox 106 328 1402 761">
    <p class='ocr_par' dir='ltr' id='par_1_3' title="bbox 106 328 1401 701">
     <span class='ocr_line' id='line_1_3' title="bbox 106 328 1397 379; baseline 0.002 -14"><span class='ocrx_word' id='word_1_8' title='bbox 106 328 253 376; x_wconf 83' lang='lat' dir='ltr'><strong>cupide</strong></span> <span class='ocrx_word' id='word_1_9' title='bbox 275 341 362 364; x_wconf 90' lang='lat' dir='ltr'><strong>sum</strong></span> <span class='ocrx_word' id='word_1_10' title='bbox 393 331 528 366; x_wconf 86' lang='lat' dir='ltr'><strong>Msstos</strong></span> <span class='ocrx_word' id='word_1_11' title='bbox 554 329 703 374; x_wconf 85' lang='lat' dir='ltr'><strong>libros,</strong></span> <span class='ocrx_word' id='word_1_12' title='bbox 735 329 933 379; x_wconf 83' lang='lat' dir='ltr'>singulari</span> <span class='ocrx_word' id='word_1_13' title='bbox 963 330 1184 367; x_wconf 85' lang='lat' dir='ltr'><strong>constantia</strong></span> <span class='ocrx_word' id='word_1_14' title='bbox 1212 329 1320 367; x_wconf 85' lang='lat' dir='ltr'><strong>viam</strong></span> <span class='ocrx_word' id='word_1_15' title='bbox 1348 331 1397 367; x_wconf 90' lang='lat' dir='ltr'><strong>ad</strong></span> 
     </span>
     <span class='ocr_line' id='line_1_4' title="bbox 107 384 1399 433; baseline 0.001 -12"><span class='ocrx_word' id='word_1_16' title='bbox 107 384 315 421; x_wconf 79' lang='lat' dir='ltr'><strong>veritatem</strong></span> <span class='ocrx_word' id='word_1_17' title='bbox 348 384 588 420; x_wconf 83' lang='lat' dir='ltr'><strong>munientes.</strong></span> <span class='ocrx_word' id='word_1_18' title='bbox 634 384 836 421; x_wconf 84' lang='lat' dir='ltr'><strong>Sermonis</strong></span> <span class='ocrx_word' id='word_1_19' title='bbox 865 397 1026 433; x_wconf 90' lang='lat' dir='ltr'><strong>quoque</strong></span> <span class='ocrx_word' id='word_1_20' title='bbox 1053 398 1177 422; x_wconf 79' lang='lat' dir='ltr'><strong>nexus</strong></span> <span class='ocrx_word' id='word_1_21' title='bbox 1201 385 1309 421; x_wconf 89' lang='lat' dir='ltr'><strong>nihil</strong></span> <span class='ocrx_word' id='word_1_22' title='bbox 1333 385 1399 433; x_wconf 78' lang='lat' dir='ltr'><strong>de-</strong></span> 
     </span>
     <span class='ocr_line' id='line_1_5' title="bbox 107 438 1400 489; baseline 0.002 -14"><span class='ocrx_word' id='word_1_23' title='bbox 107 438 256 475; x_wconf 76' lang='lat' dir='ltr'><strong>sidet-at</strong></span> <span class='ocrx_word' id='word_1_24' title='bbox 280 439 457 475; x_wconf 86' lang='lat' dir='ltr'><strong>uberius.</strong></span> <span class='ocrx_word' id='word_1_25' title='bbox 482 439 617 477; x_wconf 82' lang='lat' dir='ltr'><strong>WES</strong></span> <span class='ocrx_word' id='word_1_26' title='bbox 633 439 670 476; x_wconf 88' lang='lat' dir='ltr'><strong>S.</strong></span> <span class='ocrx_word' id='word_1_27' title='bbox 697 459 747 466; x_wconf 89' lang='lat'><strong>--</strong></span> <span class='ocrx_word' id='word_1_28' title='bbox 790 442 941 487; x_wconf 83' lang='lat' dir='ltr'><strong>Nempe</strong></span> <span class='ocrx_word' id='word_1_29' title='bbox 959 439 1099 477; x_wconf 69' lang='grc' dir='ltr'><strong>εἴπαντα</strong></span> <span class='ocrx_word' id='word_1_30' title='bbox 1117 441 1167 475; x_wconf 86' lang='lat' dir='ltr'><strong>ab</strong></span> <span class='ocrx_word' id='word_1_31' title='bbox 1198 440 1400 489; x_wconf 84' lang='lat' dir='ltr'><strong>imperitis</strong></span> 
     </span>
     <span class='ocr_line' id='line_1_6' title="bbox 107 491 1401 543; baseline 0.002 -14"><span class='ocrx_word' id='word_1_32' title='bbox 107 493 324 532; x_wconf 82' lang='lat' dir='ltr'>nonnullis</span> <span class='ocrx_word' id='word_1_33' title='bbox 354 493 535 529; x_wconf 86' lang='lat' dir='ltr'><strong>librariis</strong></span> <span class='ocrx_word' id='word_1_34' title='bbox 567 494 610 528; x_wconf 90' lang='lat' dir='ltr'><strong>in</strong></span> <span class='ocrx_word' id='word_1_35' title='bbox 640 491 778 531; x_wconf 64' lang='grc' dir='ltr'><strong>ἅπαντα</strong></span> <span class='ocrx_word' id='word_1_36' title='bbox 806 495 938 530; x_wconf 68' lang='lat' dir='ltr'><strong>fuerat</strong></span> <span class='ocrx_word' id='word_1_37' title='bbox 966 499 1194 530; x_wconf 85' lang='lat' dir='ltr'><strong>mutatum:</strong></span> <span class='ocrx_word' id='word_1_38' title='bbox 1234 501 1320 543; x_wconf 88' lang='lat' dir='ltr'><strong>post</strong></span> <span class='ocrx_word' id='word_1_39' title='bbox 1347 496 1401 532; x_wconf 81' lang='grc' dir='ltr'><strong>ἐκ·</strong></span> 
     </span>
     <span class='ocr_line' id='line_1_7' title="bbox 109 546 1400 589; baseline 0.002 -5"><span class='ocrx_word' id='word_1_40' title='bbox 109 550 228 589; x_wconf 79' lang='grc' dir='ltr'><strong><em>βαίνειν</em></strong></span> <span class='ocrx_word' id='word_1_41' title='bbox 268 560 359 584; x_wconf 85' lang='lat' dir='ltr'><strong>vero</strong></span> <span class='ocrx_word' id='word_1_42' title='bbox 396 549 538 584; x_wconf 89' lang='lat' dir='ltr'><strong>nullus</strong></span> <span class='ocrx_word' id='word_1_43' title='bbox 573 548 691 584; x_wconf 79' lang='lat' dir='ltr'><strong>codex</strong></span> <span class='ocrx_word' id='word_1_44' title='bbox 733 555 859 585; x_wconf 89' lang='lat' dir='ltr'><strong>mstus</strong></span> <span class='ocrx_word' id='word_1_45' title='bbox 890 555 962 585; x_wconf 89' lang='lat' dir='ltr'><strong>aut</strong></span> <span class='ocrx_word' id='word_1_46' title='bbox 996 546 1133 586; x_wconf 71' lang='grc' dir='ltr'><strong>εἰπόντα</strong></span> <span class='ocrx_word' id='word_1_47' title='bbox 1152 554 1225 585; x_wconf 81' lang='lat' dir='ltr'><strong>aut</strong></span> <span class='ocrx_word' id='word_1_48' title='bbox 1262 547 1400 587; x_wconf 73' lang='grc' dir='ltr'><strong>ἅπαντα</strong></span> 
     </span>
     <span class='ocr_line' id='line_1_8' title="bbox 108 600 1399 653; baseline 0.002 -16"><span class='ocrx_word' id='word_1_49' title='bbox 108 602 298 651; x_wconf 75' lang='lat' dir='ltr'><strong>agnoscit.</strong></span> <span class='ocrx_word' id='word_1_50' title='bbox 332 605 485 640; x_wconf 78' lang='lat' dir='ltr'><strong>Venetus</strong></span> <span class='ocrx_word' id='word_1_51' title='bbox 515 603 678 647; x_wconf 81' lang='lat' dir='ltr'>Editor,</span> <span class='ocrx_word' id='word_1_52' title='bbox 715 602 759 638; x_wconf 92' lang='lat' dir='ltr'><strong>in</strong></span> <span class='ocrx_word' id='word_1_53' title='bbox 792 603 994 651; x_wconf 88' lang='lat' dir='ltr'><strong>principio</strong></span> <span class='ocrx_word' id='word_1_54' title='bbox 1016 600 1155 641; x_wconf 72' lang='grc' dir='ltr'><strong>ἅπαντα</strong></span> <span class='ocrx_word' id='word_1_55' title='bbox 1173 604 1326 653; x_wconf 87' lang='lat' dir='ltr'><strong>legens,</strong></span> <span class='ocrx_word' id='word_1_56' title='bbox 1355 605 1399 639; x_wconf 87' lang='lat' dir='ltr'><strong>in</strong></span> 
     </span>
     <span class='ocr_line' id='line_1_9' title="bbox 112 656 1020 701; baseline 0.002 -8"><span class='ocrx_word' id='word_1_57' title='bbox 112 658 196 701; x_wconf 82' lang='lat' dir='ltr'><strong>fine</strong></span> <span class='ocrx_word' id='word_1_58' title='bbox 221 657 359 695; x_wconf 65' lang='grc' dir='ltr'><strong>εἰπόντος</strong></span> <span class='ocrx_word' id='word_1_59' title='bbox 377 671 446 694; x_wconf 87' lang='lat' dir='ltr'><strong>sua</strong></span> <span class='ocrx_word' id='word_1_60' title='bbox 471 658 520 693; x_wconf 91' lang='lat' dir='ltr'><strong>de</strong></span> <span class='ocrx_word' id='word_1_61' title='bbox 545 658 771 694; x_wconf 85' lang='lat' dir='ltr'><strong>coniectura</strong></span> <span class='ocrx_word' id='word_1_62' title='bbox 791 658 948 695; x_wconf 88' lang='lat' dir='ltr'><strong>adiecit.</strong></span> <span class='ocrx_word' id='word_1_63' title='bbox 977 656 1020 695; x_wconf 86' lang='lat' dir='ltr'><strong>S.</strong></span> 
     </span>
    </p>

    <p class='ocr_par' dir='ltr' id='par_1_4' title="bbox 111 711 1402 761">
     <span class='ocr_line' id='line_1_10' title="bbox 111 711 1402 761; baseline 0.002 -14"><span class='ocrx_word' id='word_1_64' title='bbox 111 711 113 714; x_wconf 85' lang='grc'><strong>’</strong></span> <span class='ocrx_word' id='word_1_65' title='bbox 171 714 208 748; x_wconf 92' lang='grc'><strong>8.</strong></span> <span class='ocrx_word' id='word_1_66' title='bbox 237 712 296 750; x_wconf 68' lang='grc' dir='ltr'><strong>οὐκ</strong></span> <span class='ocrx_word' id='word_1_67' title='bbox 316 711 499 750; x_wconf 74' lang='grc' dir='ltr'><em>οἷπελίπε</em></span> <span class='ocrx_word' id='word_1_68' title='bbox 512 711 579 760; x_wconf 82' lang='lat' dir='ltr'><strong>ro)</strong></span> <span class='ocrx_word' id='word_1_69' title='bbox 610 712 786 749; x_wconf 86' lang='lat' dir='ltr'><strong>Videtur</strong></span> <span class='ocrx_word' id='word_1_70' title='bbox 804 712 864 750; x_wconf 69' lang='grc' dir='ltr'><strong>οὐκ</strong></span> <span class='ocrx_word' id='word_1_71' title='bbox 887 712 1080 750; x_wconf 56' lang='grc' dir='ltr'><strong>ἀπέλιπε</strong></span> <span class='ocrx_word' id='word_1_72' title='bbox 1107 724 1154 748; x_wconf 86' lang='lat' dir='ltr'><strong>ex</strong></span> <span class='ocrx_word' id='word_1_73' title='bbox 1172 714 1290 751; x_wconf 85' lang='lat' dir='ltr'><strong>Arch.</strong></span> <span class='ocrx_word' id='word_1_74' title='bbox 1312 726 1402 761; x_wconf 83' lang='lat' dir='ltr'><strong>pro·</strong></span> 
     </span>
    </p>
   </div>
   <div class='ocr_carea' id='block_1_4' title="bbox 101 764 1403 814">
    <p class='ocr_par' dir='ltr' id='par_1_5' title="bbox 101 764 1403 814">
     <span class='ocr_line' id='line_1_11' title="bbox 101 764 1403 814; baseline 0.002 -13"><span class='ocrx_word' id='word_1_75' title='bbox 101 767 219 813; x_wconf 61' lang='lat' dir='ltr'><strong>313ius.</strong></span> <span class='ocrx_word' id='word_1_76' title='bbox 247 767 441 814; x_wconf 79' lang='lat' dir='ltr'><strong>Deinceps</strong></span> <span class='ocrx_word' id='word_1_77' title='bbox 462 780 493 804; x_wconf 73' lang='lat'><strong>(¹.</strong></span> <span class='ocrx_word' id='word_1_78' title='bbox 512 780 599 803; x_wconf 78' lang='lat'><strong>222.</strong></span> <span class='ocrx_word' id='word_1_79' title='bbox 626 765 849 810; x_wconf 65' lang='grc' dir='ltr'><em>ἄπολιπᾶντες</em></span> <span class='ocrx_word' id='word_1_80' title='bbox 865 764 1038 806; x_wconf 66' lang='grc' dir='ltr'>Λεωνίὸκνε</span> <span class='ocrx_word' id='word_1_81' title='bbox 1064 773 1103 804; x_wconf 83' lang='lat' dir='ltr'><strong>et</strong></span> <span class='ocrx_word' id='word_1_82' title='bbox 1122 768 1194 804; x_wconf 88' lang='lat' dir='ltr'><strong>lib.</strong></span> <span class='ocrx_word' id='word_1_83' title='bbox 1216 770 1319 806; x_wconf 77' lang='lat' dir='ltr'><strong>VIII.</strong></span> <span class='ocrx_word' id='word_1_84' title='bbox 1338 768 1403 804; x_wconf 82' lang='grc'><strong>63.</strong></span> 
     </span>
    </p>
   </div>
   <div class='ocr_carea' id='block_1_5' title="bbox 107 820 1405 1198">
    <p class='ocr_par' dir='ltr' id='par_1_6' title="bbox 107 820 1405 1198">
     <span class='ocr_line' id='line_1_12' title="bbox 110 820 1402 871; baseline 0.003 -14"><span class='ocrx_word' id='word_1_85' title='bbox 110 823 328 860; x_wconf 81' lang='lat' dir='ltr'><strong>Plutarchus</strong></span> <span class='ocrx_word' id='word_1_86' title='bbox 350 830 480 858; x_wconf 80' lang='lat' dir='ltr'><strong>tamen</strong></span> <span class='ocrx_word' id='word_1_87' title='bbox 509 822 620 859; x_wconf 87' lang='lat' dir='ltr'><strong>Virt.</strong></span> <span class='ocrx_word' id='word_1_88' title='bbox 641 822 804 859; x_wconf 71' lang='lat' dir='ltr'><strong>Mulier.</strong></span> <span class='ocrx_word' id='word_1_89' title='bbox 827 836 864 870; x_wconf 91' lang='lat' dir='ltr'><strong>p.</strong></span> <span class='ocrx_word' id='word_1_90' title='bbox 888 823 977 858; x_wconf 80' lang='lat'>261.</span> <span class='ocrx_word' id='word_1_91' title='bbox 1000 834 1031 858; x_wconf 88' lang='lat' dir='ltr'><strong>e.</strong></span> <span class='ocrx_word' id='word_1_92' title='bbox 1058 824 1118 865; x_wconf 60' lang='lat' dir='ltr'><strong>rig</strong></span> <span class='ocrx_word' id='word_1_93' title='bbox 1137 820 1167 861; x_wconf 67' lang='grc' dir='ltr'><strong>δὲ</strong></span> <span class='ocrx_word' id='word_1_94' title='bbox 1185 822 1334 871; x_wconf 73' lang='grc' dir='ltr'><em>Ἐρυξοῦς</em></span> <span class='ocrx_word' id='word_1_95' title='bbox 1352 821 1402 866; x_wconf 61' lang='lat' dir='ltr'><strong>mi</strong></span> 
     </span>
     <span class='ocr_line' id='line_1_13' title="bbox 111 874 1405 926; baseline 0 -12"><span class='ocrx_word' id='word_1_96' title='bbox 111 875 443 919; x_wconf 70' lang='grc' dir='ltr'><em>οἷπολιπομένκς</em></span> <span class='ocrx_word' id='word_1_97' title='bbox 459 903 468 919; x_wconf 81' lang='lat'>‚</span> <span class='ocrx_word' id='word_1_98' title='bbox 501 876 581 914; x_wconf 56' lang='grc' dir='ltr'><strong>ἄλλ’</strong></span> <span class='ocrx_word' id='word_1_99' title='bbox 611 874 744 914; x_wconf 72' lang='grc' dir='ltr'><em>ἕπεο-θαι</em></span> <span class='ocrx_word' id='word_1_100' title='bbox 765 898 782 905; x_wconf 91' lang='grc'>-</span> <span class='ocrx_word' id='word_1_101' title='bbox 800 898 817 904; x_wconf 92' lang='grc'>-</span> <span class='ocrx_word' id='word_1_102' title='bbox 835 878 1052 920; x_wconf 70' lang='grc' dir='ltr'><strong>βουλομένης,</strong></span> <span class='ocrx_word' id='word_1_103' title='bbox 1079 874 1147 915; x_wconf 73' lang='grc' dir='ltr'><em>ου’ἓέ</em></span> <span class='ocrx_word' id='word_1_104' title='bbox 1175 876 1194 917; x_wconf 69' lang='grc' dir='ltr'><strong><em>ἦ</em></strong></span> <span class='ocrx_word' id='word_1_105' title='bbox 1214 875 1342 926; x_wconf 56' lang='grc' dir='ltr'><em>μήτηρ,</em></span> <span class='ocrx_word' id='word_1_106' title='bbox 1360 898 1405 910; x_wconf 87' lang='lat'><strong>·-</strong></span> 
     </span>
     <span class='ocr_line' id='line_1_14' title="bbox 108 925 1404 978; baseline 0.002 -11"><span class='ocrx_word' id='word_1_107' title='bbox 108 933 231 978; x_wconf 73' lang='grc' dir='ltr'><strong><em>καίπερ</em></strong></span> <span class='ocrx_word' id='word_1_108' title='bbox 261 925 344 968; x_wconf 63' lang='grc' dir='ltr'><em>οὗτοι</em></span> <span class='ocrx_word' id='word_1_109' title='bbox 361 930 552 978; x_wconf 66' lang='grc' dir='ltr'><em>πρεσβύτις,</em></span> <span class='ocrx_word' id='word_1_110' title='bbox 588 930 870 969; x_wconf 76' lang='grc' dir='ltr'><em>οἷπελείπετο.</em></span> <span class='ocrx_word' id='word_1_111' title='bbox 909 934 965 967; x_wconf 90' lang='lat' dir='ltr'><strong>At</strong></span> <span class='ocrx_word' id='word_1_112' title='bbox 996 930 1040 966; x_wconf 86' lang='lat' dir='ltr'><strong>in</strong></span> <span class='ocrx_word' id='word_1_113' title='bbox 1060 931 1294 968; x_wconf 89' lang='lat' dir='ltr'><strong>huiusmodi</strong></span> <span class='ocrx_word' id='word_1_114' title='bbox 1317 944 1404 969; x_wconf 82' lang='lat' dir='ltr'><strong>ver-</strong></span> 
     </span>
     <span class='ocr_line' id='line_1_15' title="bbox 108 985 1405 1035; baseline 0.001 -14"><span class='ocrx_word' id='word_1_115' title='bbox 108 986 256 1027; x_wconf 82' lang='lat' dir='ltr'><strong>borum</strong></span> <span class='ocrx_word' id='word_1_116' title='bbox 280 985 441 1029; x_wconf 82' lang='lat' dir='ltr'><strong>formis,</strong></span> <span class='ocrx_word' id='word_1_117' title='bbox 470 986 542 1022; x_wconf 85' lang='lat' dir='ltr'><strong>etsi</strong></span> <span class='ocrx_word' id='word_1_118' title='bbox 563 997 675 1033; x_wconf 83' lang='lat' dir='ltr'><strong>saepe</strong></span> <span class='ocrx_word' id='word_1_119' title='bbox 702 986 951 1031; x_wconf 84' lang='lat' dir='ltr'><strong>inconsulta,</strong></span> <span class='ocrx_word' id='word_1_120' title='bbox 978 985 1117 1035; x_wconf 84' lang='lat' dir='ltr'><strong>ingens</strong></span> <span class='ocrx_word' id='word_1_121' title='bbox 1139 992 1196 1024; x_wconf 90' lang='lat' dir='ltr'><strong>est</strong></span> <span class='ocrx_word' id='word_1_122' title='bbox 1216 986 1405 1023; x_wconf 85' lang='lat' dir='ltr'><strong>librario-</strong></span> 
     </span>
     <span class='ocr_line' id='line_1_16' title="bbox 109 1040 1404 1088; baseline 0.001 -11"><span class='ocrx_word' id='word_1_123' title='bbox 109 1052 204 1077; x_wconf 88' lang='lat' dir='ltr'><strong>rum</strong></span> <span class='ocrx_word' id='word_1_124' title='bbox 232 1040 514 1078; x_wconf 79' lang='lat' dir='ltr'><strong>inconstantia.</strong></span> <span class='ocrx_word' id='word_1_125' title='bbox 544 1041 723 1079; x_wconf 83' lang='lat' dir='ltr'><strong>WESS.</strong></span> <span class='ocrx_word' id='word_1_126' title='bbox 748 1061 799 1068; x_wconf 94' lang='lat'><strong>-·—</strong></span> <span class='ocrx_word' id='word_1_127' title='bbox 845 1043 912 1078; x_wconf 89' lang='lat' dir='ltr'><strong>Est</strong></span> <span class='ocrx_word' id='word_1_128' title='bbox 939 1053 1033 1077; x_wconf 86' lang='lat' dir='ltr'><strong>vero</strong></span> <span class='ocrx_word' id='word_1_129' title='bbox 1055 1041 1176 1078; x_wconf 87' lang='lat' dir='ltr'><strong>etiam</strong></span> <span class='ocrx_word' id='word_1_130' title='bbox 1196 1041 1302 1088; x_wconf 84' lang='lat' dir='ltr'><strong>apud</strong></span> <span class='ocrx_word' id='word_1_131' title='bbox 1329 1042 1404 1078; x_wconf 82' lang='lat' dir='ltr'><strong>Xe·</strong></span> 
     </span>
     <span class='ocr_line' id='line_1_17' title="bbox 110 1094 1404 1145; baseline 0.001 -13"><span class='ocrx_word' id='word_1_132' title='bbox 110 1096 224 1143; x_wconf 81' lang='lat' dir='ltr'><strong>noph.</strong></span> <span class='ocrx_word' id='word_1_133' title='bbox 245 1094 486 1132; x_wconf 69' lang='grc' dir='ltr'><em>οἷπολείπεο-θαί</em></span> <span class='ocrx_word' id='word_1_134' title='bbox 506 1111 607 1140; x_wconf 83' lang='grc' dir='ltr'><em>τινος,</em></span> <span class='ocrx_word' id='word_1_135' title='bbox 637 1097 818 1132; x_wconf 79' lang='lat' dir='ltr'><strong>discedere</strong></span> <span class='ocrx_word' id='word_1_136' title='bbox 834 1097 881 1134; x_wconf 83' lang='lat' dir='ltr'><strong>ab</strong></span> <span class='ocrx_word' id='word_1_137' title='bbox 901 1098 1022 1145; x_wconf 80' lang='lat' dir='ltr'><strong>aliquo</strong></span> <span class='ocrx_word' id='word_1_138' title='bbox 1035 1124 1045 1140; x_wconf 89' lang='lat'><em>,</em></span> <span class='ocrx_word' id='word_1_139' title='bbox 1067 1097 1212 1145; x_wconf 70' lang='lat' dir='ltr'><strong>Cyro&#39;p.</strong></span> <span class='ocrx_word' id='word_1_140' title='bbox 1227 1097 1256 1132; x_wconf 84' lang='lat' dir='ltr'><strong>I.</strong></span> <span class='ocrx_word' id='word_1_141' title='bbox 1275 1096 1295 1132; x_wconf 83' lang='lat'><em>6</em></span> <span class='ocrx_word' id='word_1_142' title='bbox 1308 1121 1318 1140; x_wconf 65' lang='lat'>9</span> <span class='ocrx_word' id='word_1_143' title='bbox 1340 1109 1404 1133; x_wconf 81' lang='lat'><strong>21.</strong></span> 
     </span>
     <span class='ocr_line' id='line_1_18' title="bbox 107 1149 766 1198; baseline -0.002 -11"><span class='ocrx_word' id='word_1_144' title='bbox 107 1151 173 1188; x_wconf 89' lang='lat'>111.</span> <span class='ocrx_word' id='word_1_145' title='bbox 198 1163 210 1185; x_wconf 89' lang='lat'>1</span> <span class='ocrx_word' id='word_1_146' title='bbox 229 1176 238 1194; x_wconf 82' lang='lat'>‚</span> <span class='ocrx_word' id='word_1_147' title='bbox 259 1158 325 1194; x_wconf 68' lang='lat'><strong>42.</strong></span> <span class='ocrx_word' id='word_1_148' title='bbox 350 1156 389 1186; x_wconf 85' lang='lat' dir='ltr'><strong>et</strong></span> <span class='ocrx_word' id='word_1_149' title='bbox 405 1150 560 1198; x_wconf 87' lang='lat' dir='ltr'><strong>saepius</strong></span> <span class='ocrx_word' id='word_1_150' title='bbox 576 1149 693 1187; x_wconf 79' lang='lat' dir='ltr'><strong>alibi,</strong></span> <span class='ocrx_word' id='word_1_151' title='bbox 719 1149 766 1188; x_wconf 80' lang='lat' dir='ltr'><strong>S.</strong></span> 
     </span>
    </p>
   </div>
   <div class='ocr_carea' id='block_1_6' title="bbox 219 1202 1403 1255">
    <p class='ocr_par' dir='ltr' id='par_1_7' title="bbox 219 1202 1403 1255">
     <span class='ocr_line' id='line_1_19' title="bbox 219 1202 1403 1255; baseline -0.002 -11"><span class='ocrx_word' id='word_1_152' title='bbox 219 1202 366 1244; x_wconf 84' lang='lat' dir='ltr'><em>CAP.</em></span> <span class='ocrx_word' id='word_1_153' title='bbox 389 1202 635 1243; x_wconf 78' lang='lat' dir='ltr'><em>CCXXII.</em></span> <span class='ocrx_word' id='word_1_154' title='bbox 657 1218 674 1240; x_wconf 89' lang='lat'>2</span> <span class='ocrx_word' id='word_1_155' title='bbox 704 1219 776 1255; x_wconf 80' lang='lat' dir='ltr'><strong>seq.</strong></span> <span class='ocrx_word' id='word_1_156' title='bbox 803 1206 961 1248; x_wconf 69' lang='grc' dir='ltr'><strong>Θεσπιέες</strong></span> <span class='ocrx_word' id='word_1_157' title='bbox 989 1202 1019 1242; x_wconf 75' lang='grc' dir='ltr'><strong>δὲ</strong></span> <span class='ocrx_word' id='word_1_158' title='bbox 1045 1207 1103 1243; x_wconf 70' lang='grc' dir='ltr'><strong>καὶ</strong></span> <span class='ocrx_word' id='word_1_159' title='bbox 1123 1202 1301 1255; x_wconf 52' lang='lat' dir='ltr'><strong>(ansata)</strong></span> <span class='ocrx_word' id='word_1_160' title='bbox 1331 1208 1403 1243; x_wconf 74' lang='lat' dir='ltr'><strong>Hic</strong></span> 
     </span>
    </p>
   </div>
   <div class='ocr_carea' id='block_1_7' title="bbox 99 1259 1402 1308">
    <p class='ocr_par' dir='ltr' id='par_1_8' title="bbox 99 1259 1402 1308">
     <span class='ocr_line' id='line_1_20' title="bbox 99 1259 1402 1308; baseline 0.002 -12"><span class='ocrx_word' id='word_1_161' title='bbox 99 1260 158 1297; x_wconf 74' lang='lat' dir='ltr'><strong>‚de</strong></span> <span class='ocrx_word' id='word_1_162' title='bbox 177 1259 358 1296; x_wconf 80' lang='lat' dir='ltr'><strong>Thebanis</strong></span> <span class='ocrx_word' id='word_1_163' title='bbox 376 1261 523 1307; x_wconf 86' lang='lat' dir='ltr'><strong>scripta</strong></span> <span class='ocrx_word' id='word_1_164' title='bbox 543 1261 760 1297; x_wconf 81' lang='lat' dir='ltr'><em>Plutarchus</em></span> <span class='ocrx_word' id='word_1_165' title='bbox 791 1272 834 1295; x_wconf 84' lang='lat' dir='ltr'><strong>ea</strong></span> <span class='ocrx_word' id='word_1_166' title='bbox 856 1260 1012 1296; x_wconf 88' lang='lat' dir='ltr'><strong>ratione</strong></span> <span class='ocrx_word' id='word_1_167' title='bbox 1041 1260 1205 1308; x_wconf 85' lang='lat' dir='ltr'><strong>repellit</strong></span> <span class='ocrx_word' id='word_1_168' title='bbox 1226 1263 1272 1298; x_wconf 91' lang='grc' dir='ltr'><strong>Τ.</strong></span> <span class='ocrx_word' id='word_1_169' title='bbox 1291 1263 1337 1298; x_wconf 89' lang='grc' dir='ltr'><strong>ΙΙ.</strong></span> <span class='ocrx_word' id='word_1_170' title='bbox 1364 1274 1402 1308; x_wconf 83' lang='grc' dir='ltr'><strong>Ρ.</strong></span> 
     </span>
    </p>
   </div>
   <div class='ocr_carea' id='block_1_8' title="bbox 107 1315 1403 1476">
    <p class='ocr_par' dir='ltr' id='par_1_9' title="bbox 107 1315 1403 1476">
     <span class='ocr_line' id='line_1_21' title="bbox 111 1315 1401 1364; baseline 0 -13"><span class='ocrx_word' id='word_1_171' title='bbox 111 1315 228 1360; x_wconf 83' lang='grc'><strong>865.,</strong></span> <span class='ocrx_word' id='word_1_172' title='bbox 251 1320 296 1351; x_wconf 92' lang='lat' dir='ltr'><strong>ut</strong></span> <span class='ocrx_word' id='word_1_173' title='bbox 316 1316 411 1351; x_wconf 86' lang='lat' dir='ltr'><strong>haec</strong></span> <span class='ocrx_word' id='word_1_174' title='bbox 436 1326 598 1363; x_wconf 87' lang='lat' dir='ltr'><strong>quoque</strong></span> <span class='ocrx_word' id='word_1_175' title='bbox 622 1315 855 1351; x_wconf 82' lang='lat' dir='ltr'><strong>criminatio</strong></span> <span class='ocrx_word' id='word_1_176' title='bbox 884 1318 954 1352; x_wconf 77' lang='lat' dir='ltr'><strong>sua</strong></span> <span class='ocrx_word' id='word_1_177' title='bbox 977 1315 1150 1364; x_wconf 82' lang='lat' dir='ltr'><strong>quadam</strong></span> <span class='ocrx_word' id='word_1_178' title='bbox 1171 1315 1298 1364; x_wconf 89' lang='lat' dir='ltr'><strong>specie</strong></span> <span class='ocrx_word' id='word_1_179' title='bbox 1321 1329 1401 1352; x_wconf 86' lang='lat' dir='ltr'><strong>non</strong></span> 
     </span>
     <span class='ocr_line' id='line_1_22' title="bbox 107 1369 1403 1418; baseline 0 -12"><span class='ocrx_word' id='word_1_180' title='bbox 107 1369 364 1406; x_wconf 79' lang='lat' dir='ltr'><strong>destituatur.</strong></span> <span class='ocrx_word' id='word_1_181' title='bbox 394 1370 502 1406; x_wconf 85' lang='lat' dir='ltr'><strong>Solos</strong></span> <span class='ocrx_word' id='word_1_182' title='bbox 522 1381 656 1406; x_wconf 89' lang='lat' dir='ltr'><strong>secum</strong></span> <span class='ocrx_word' id='word_1_183' title='bbox 677 1370 892 1407; x_wconf 85' lang='lat' dir='ltr'><strong>Leonidam</strong></span> <span class='ocrx_word' id='word_1_184' title='bbox 923 1370 1135 1407; x_wconf 86' lang='lat' dir='ltr'><strong>retinuisse</strong></span> <span class='ocrx_word' id='word_1_185' title='bbox 1151 1370 1403 1418; x_wconf 87' lang='lat' dir='ltr'><strong>Thespienses</strong></span> 
     </span>
     <span class='ocr_line' id='line_1_23' title="bbox 109 1421 1402 1476; baseline -0.001 -15"><span class='ocrx_word' id='word_1_186' title='bbox 109 1431 250 1461; x_wconf 85' lang='lat' dir='ltr'><strong>narrat</strong></span> <span class='ocrx_word' id='word_1_187' title='bbox 266 1426 420 1462; x_wconf 84' lang='lat' dir='ltr'><strong>Diodor.</strong></span> <span class='ocrx_word' id='word_1_188' title='bbox 440 1427 575 1462; x_wconf 82' lang='lat' dir='ltr'><strong>Siculus</strong></span> <span class='ocrx_word' id='word_1_189' title='bbox 596 1427 638 1462; x_wconf 89' lang='lat' dir='ltr'><strong>T.</strong></span> <span class='ocrx_word' id='word_1_190' title='bbox 665 1427 692 1461; x_wconf 89' lang='lat' dir='ltr'><strong>I.</strong></span> <span class='ocrx_word' id='word_1_191' title='bbox 714 1439 753 1474; x_wconf 89' lang='lat' dir='ltr'><strong>p.</strong></span> <span class='ocrx_word' id='word_1_192' title='bbox 771 1434 871 1469; x_wconf 69' lang='lat'><strong>410,</strong></span> <span class='ocrx_word' id='word_1_193' title='bbox 887 1425 950 1467; x_wconf 70' lang='grc'><strong>46.</strong></span> <span class='ocrx_word' id='word_1_194' title='bbox 983 1421 1082 1474; x_wconf 77' lang='lat' dir='ltr'><strong>[lib,</strong></span> <span class='ocrx_word' id='word_1_195' title='bbox 1104 1427 1170 1462; x_wconf 86' lang='lat' dir='ltr'><strong>XI.</strong></span> <span class='ocrx_word' id='word_1_196' title='bbox 1191 1438 1225 1463; x_wconf 87' lang='lat' dir='ltr'><strong>c.</strong></span> <span class='ocrx_word' id='word_1_197' title='bbox 1247 1422 1308 1476; x_wconf 79' lang='grc'><strong>9.]</strong></span> <span class='ocrx_word' id='word_1_198' title='bbox 1331 1424 1402 1461; x_wconf 89' lang='lat' dir='ltr'><strong>ubi</strong></span> 
     </span>
    </p>
   </div>
   <div class='ocr_carea' id='block_1_9' title="bbox 96 1479 1404 1530">
    <p class='ocr_par' dir='ltr' id='par_1_10' title="bbox 96 1479 1404 1530">
     <span class='ocr_line' id='line_1_24' title="bbox 96 1479 1404 1530; baseline 0 -14"><span class='ocrx_word' id='word_1_199' title='bbox 96 1485 223 1516; x_wconf 81' lang='lat' dir='ltr'><strong>¹notat</strong></span> <span class='ocrx_word' id='word_1_200' title='bbox 239 1479 304 1515; x_wconf 90' lang='lat' dir='ltr'><strong>vir</strong></span> <span class='ocrx_word' id='word_1_201' title='bbox 322 1480 508 1525; x_wconf 82' lang='lat' dir='ltr'><strong>eximius.</strong></span> <span class='ocrx_word' id='word_1_202' title='bbox 537 1481 717 1516; x_wconf 83' lang='lat' dir='ltr'><strong>Herodoti</strong></span> <span class='ocrx_word' id='word_1_203' title='bbox 739 1479 935 1515; x_wconf 83' lang='lat' dir='ltr'><strong>Thebanis</strong></span> <span class='ocrx_word' id='word_1_204' title='bbox 956 1482 1180 1527; x_wconf 85' lang='lat' dir='ltr'><strong>Mycenaeos</strong></span> <span class='ocrx_word' id='word_1_205' title='bbox 1199 1480 1404 1530; x_wconf 85' lang='lat' dir='ltr'><strong>octuagin-</strong></span> 
     </span>
    </p>
   </div>
   <div class='ocr_carea' id='block_1_10' title="bbox 109 1530 1403 1638">
    <p class='ocr_par' dir='ltr' id='par_1_11' title="bbox 109 1530 1403 1638">
     <span class='ocr_line' id='line_1_25' title="bbox 109 1530 1403 1585; baseline 0.002 -15"><span class='ocrx_word' id='word_1_206' title='bbox 109 1539 149 1570; x_wconf 85' lang='lat' dir='ltr'><strong>ta</strong></span> <span class='ocrx_word' id='word_1_207' title='bbox 171 1534 382 1570; x_wconf 84' lang='lat' dir='ltr'><strong>substituit</strong></span> <span class='ocrx_word' id='word_1_208' title='bbox 408 1536 611 1570; x_wconf 83' lang='lat' dir='ltr'><strong>Pausanias</strong></span> <span class='ocrx_word' id='word_1_209' title='bbox 632 1537 680 1571; x_wconf 76' lang='lat' dir='ltr'><strong>X.</strong></span> <span class='ocrx_word' id='word_1_210' title='bbox 701 1532 758 1585; x_wconf 86' lang='lat' dir='ltr'><strong>[c.</strong></span> <span class='ocrx_word' id='word_1_211' title='bbox 789 1530 881 1584; x_wconf 83' lang='lat' dir='ltr'><strong>2o.]</strong></span> <span class='ocrx_word' id='word_1_212' title='bbox 907 1547 945 1581; x_wconf 91' lang='lat' dir='ltr'><strong>p.</strong></span> <span class='ocrx_word' id='word_1_213' title='bbox 967 1535 1057 1578; x_wconf 58' lang='lat'><strong>846·</strong></span> <span class='ocrx_word' id='word_1_214' title='bbox 1073 1561 1083 1579; x_wconf 80' lang='lat'>,</span> <span class='ocrx_word' id='word_1_215' title='bbox 1103 1541 1141 1571; x_wconf 91' lang='lat' dir='ltr'><strong>et</strong></span> <span class='ocrx_word' id='word_1_216' title='bbox 1162 1536 1205 1571; x_wconf 92' lang='lat' dir='ltr'><strong>II.</strong></span> <span class='ocrx_word' id='word_1_217' title='bbox 1225 1531 1288 1585; x_wconf 88' lang='lat' dir='ltr'><strong>[c.</strong></span> <span class='ocrx_word' id='word_1_218' title='bbox 1316 1531 1403 1585; x_wconf 84' lang='lat'>16.]</span> 
     </span>
     <span class='ocr_line' id='line_1_26' title="bbox 109 1588 1402 1638; baseline 0.002 -14"><span class='ocrx_word' id='word_1_219' title='bbox 109 1601 198 1637; x_wconf 78' lang='lat' dir='ltr'><strong>pag.</strong></span> <span class='ocrx_word' id='word_1_220' title='bbox 221 1589 333 1633; x_wconf 54' lang='lat'><strong>146„</strong></span> <span class='ocrx_word' id='word_1_221' title='bbox 363 1588 457 1632; x_wconf 80' lang='lat' dir='ltr'><strong>ubi,</strong></span> <span class='ocrx_word' id='word_1_222' title='bbox 485 1592 692 1631; x_wconf 70' lang='grc' dir='ltr'><em>Μυκηναῖοι,</em></span> <span class='ocrx_word' id='word_1_223' title='bbox 724 1588 884 1637; x_wconf 82' lang='lat' dir='ltr'><strong>inquit,</strong></span> <span class='ocrx_word' id='word_1_224' title='bbox 912 1590 1098 1631; x_wconf 70' lang='grc' dir='ltr'><em>πέμπουτιν</em></span> <span class='ocrx_word' id='word_1_225' title='bbox 1123 1590 1151 1632; x_wconf 80' lang='grc' dir='ltr'><strong>ἔς</strong></span> <span class='ocrx_word' id='word_1_226' title='bbox 1178 1589 1402 1638; x_wconf 67' lang='grc' dir='ltr'><strong>Θερμοπύλαις</strong></span> 
     </span>
    </p>
   </div>
   <div class='ocr_carea' id='block_1_11' title="bbox 99 1640 1400 1691">
    <p class='ocr_par' dir='ltr' id='par_1_12' title="bbox 99 1640 1400 1691">
     <span class='ocr_line' id='line_1_27' title="bbox 99 1640 1400 1691; baseline -0.001 -10"><span class='ocrx_word' id='word_1_227' title='bbox 99 1641 316 1688; x_wconf 62' lang='grc' dir='ltr'><strong>1ἆγδοιὶκοντοι</strong></span> <span class='ocrx_word' id='word_1_228' title='bbox 328 1640 462 1691; x_wconf 60' lang='grc' dir='ltr'><strong>ἄνδρας,</strong></span> <span class='ocrx_word' id='word_1_229' title='bbox 480 1642 507 1680; x_wconf 74' lang='grc' dir='ltr'><em>οἳ</em></span> <span class='ocrx_word' id='word_1_230' title='bbox 526 1640 790 1687; x_wconf 67' lang='grc' dir='ltr'><strong>Λακεδαιμονίοις</strong></span> <span class='ocrx_word' id='word_1_231' title='bbox 807 1644 968 1688; x_wconf 78' lang='grc' dir='ltr'><em>μετέσχον</em></span> <span class='ocrx_word' id='word_1_232' title='bbox 983 1644 1043 1680; x_wconf 71' lang='grc' dir='ltr'><em>τοῦ</em></span> <span class='ocrx_word' id='word_1_233' title='bbox 1059 1642 1168 1691; x_wconf 72' lang='grc' dir='ltr'><em>ἔργον.</em></span> <span class='ocrx_word' id='word_1_234' title='bbox 1183 1645 1260 1681; x_wconf 73' lang='lat' dir='ltr'><strong>VA</strong></span> <span class='ocrx_word' id='word_1_235' title='bbox 1272 1647 1298 1680; x_wconf 81' lang='lat' dir='ltr'>L</span> <span class='ocrx_word' id='word_1_236' title='bbox 1308 1646 1337 1680; x_wconf 90' lang='lat' dir='ltr'>C</span> <span class='ocrx_word' id='word_1_237' title='bbox 1350 1647 1400 1680; x_wconf 86' lang='lat' dir='ltr'><strong>K.</strong></span> 
     </span>
    </p>
   </div>
   <div class='ocr_carea' id='block_1_12' title="bbox 104 1695 1405 2518">
    <p class='ocr_par' dir='ltr' id='par_1_13' title="bbox 104 1695 1405 2518">
     <span class='ocr_line' id='line_1_28' title="bbox 113 1695 1403 1748; baseline 0.001 -14"><span class='ocrx_word' id='word_1_238' title='bbox 113 1727 120 1728; x_wconf 28' lang='lat' dir='ltr'><em>ff</em></span> <span class='ocrx_word' id='word_1_239' title='bbox 169 1698 204 1734; x_wconf 86' lang='lat'><strong>5.</strong></span> <span class='ocrx_word' id='word_1_240' title='bbox 233 1701 372 1743; x_wconf 77' lang='grc' dir='ltr'><em>κατεῖχε</em></span> <span class='ocrx_word' id='word_1_241' title='bbox 387 1696 452 1745; x_wconf 61' lang='grc' dir='ltr'><strong>’γάρ</strong></span> <span class='ocrx_word' id='word_1_242' title='bbox 481 1706 584 1740; x_wconf 66' lang='grc' dir='ltr'><strong><em>σφεας</em></strong></span> <span class='ocrx_word' id='word_1_243' title='bbox 602 1695 788 1748; x_wconf 65' lang='grc' dir='ltr'>Λεωνίδης)</span> <span class='ocrx_word' id='word_1_244' title='bbox 820 1698 1104 1734; x_wconf 82' lang='lat' dir='ltr'><strong>Cavillatorem</strong></span> <span class='ocrx_word' id='word_1_245' title='bbox 1133 1699 1229 1734; x_wconf 85' lang='lat' dir='ltr'><strong>audi</strong></span> <span class='ocrx_word' id='word_1_246' title='bbox 1255 1701 1403 1735; x_wconf 75' lang='lat' dir='ltr'><strong>Plutar-</strong></span> 
     </span>
     <span class='ocr_line' id='line_1_29' title="bbox 107 1751 1404 1801; baseline 0 -11"><span class='ocrx_word' id='word_1_247' title='bbox 107 1753 213 1790; x_wconf 82' lang='lat' dir='ltr'><strong><em>chum</em></strong></span> <span class='ocrx_word' id='word_1_248' title='bbox 228 1769 238 1786; x_wconf 90' lang='grc'><strong>.·</strong></span> <span class='ocrx_word' id='word_1_249' title='bbox 257 1753 353 1788; x_wconf 87' lang='lat' dir='ltr'><strong>adeo</strong></span> <span class='ocrx_word' id='word_1_250' title='bbox 374 1752 584 1788; x_wconf 85' lang='lat' dir='ltr'><strong>insaniisse</strong></span> <span class='ocrx_word' id='word_1_251' title='bbox 608 1760 723 1801; x_wconf 80' lang='lat' dir='ltr'><strong>negat</strong></span> <span class='ocrx_word' id='word_1_252' title='bbox 743 1753 942 1789; x_wconf 88' lang='lat' dir='ltr'><strong>Leoniden</strong></span> <span class='ocrx_word' id='word_1_253' title='bbox 959 1780 968 1796; x_wconf 72' lang='lat'>,</span> <span class='ocrx_word' id='word_1_254' title='bbox 991 1751 1072 1790; x_wconf 66' lang='grc' dir='ltr'><strong>ὥστε</strong></span> <span class='ocrx_word' id='word_1_255' title='bbox 1091 1754 1244 1798; x_wconf 65' lang='grc' dir='ltr'><strong>κατέχειν</strong></span> <span class='ocrx_word' id='word_1_256' title='bbox 1269 1754 1296 1790; x_wconf 82' lang='grc' dir='ltr'><strong>ἐν</strong></span> <span class='ocrx_word' id='word_1_257' title='bbox 1314 1752 1404 1796; x_wconf 68' lang='grc' dir='ltr'><strong>ὁμή-</strong></span> 
     </span>
     <span class='ocr_line' id='line_1_30' title="bbox 110 1805 1402 1856; baseline 0.001 -11"><span class='ocrx_word' id='word_1_258' title='bbox 110 1824 168 1856; x_wconf 69' lang='grc' dir='ltr'><strong>ρων</strong></span> <span class='ocrx_word' id='word_1_259' title='bbox 192 1806 287 1854; x_wconf 64' lang='grc' dir='ltr'><strong>λόγῳ</strong></span> <span class='ocrx_word' id='word_1_260' title='bbox 309 1810 375 1850; x_wconf 76' lang='grc' dir='ltr'><em>τοῖς</em></span> <span class='ocrx_word' id='word_1_261' title='bbox 399 1809 592 1855; x_wconf 64' lang='grc' dir='ltr'><em>τριακοσίοις</em></span> <span class='ocrx_word' id='word_1_262' title='bbox 618 1807 692 1849; x_wconf 67' lang='grc' dir='ltr'><strong>τούς</strong></span> <span class='ocrx_word' id='word_1_263' title='bbox 715 1811 938 1855; x_wconf 70' lang='grc' dir='ltr'><strong>τετρακοσίους</strong></span> <span class='ocrx_word' id='word_1_264' title='bbox 963 1805 1057 1845; x_wconf 69' lang='grc' dir='ltr'><em>ἴπλοε</em></span> <span class='ocrx_word' id='word_1_265' title='bbox 1077 1805 1240 1853; x_wconf 71' lang='grc' dir='ltr'><em>ἔχοντας,</em></span> <span class='ocrx_word' id='word_1_266' title='bbox 1273 1814 1311 1844; x_wconf 78' lang='lat' dir='ltr'><strong>ut</strong></span> <span class='ocrx_word' id='word_1_267' title='bbox 1331 1815 1402 1846; x_wconf 77' lang='lat' dir='ltr'><strong>tre·</strong></span> 
     </span>
     <span class='ocr_line' id='line_1_31' title="bbox 104 1862 1402 1913; baseline -0.001 -14"><span class='ocrx_word' id='word_1_268' title='bbox 104 1864 220 1913; x_wconf 66' lang='lat' dir='ltr'><strong>centis</strong></span> <span class='ocrx_word' id='word_1_269' title='bbox 247 1864 321 1898; x_wconf 83' lang='lat' dir='ltr'><strong>suis</strong></span> <span class='ocrx_word' id='word_1_270' title='bbox 345 1863 630 1911; x_wconf 77' lang='lat' dir='ltr'><strong>quadringentos</strong></span> <span class='ocrx_word' id='word_1_271' title='bbox 665 1862 855 1899; x_wconf 83' lang='lat' dir='ltr'><strong>Thebanos</strong></span> <span class='ocrx_word' id='word_1_272' title='bbox 881 1864 992 1899; x_wconf 84' lang='lat' dir='ltr'><strong>armis</strong></span> <span class='ocrx_word' id='word_1_273' title='bbox 1019 1864 1215 1911; x_wconf 75' lang='lat' dir='ltr'><strong>instructos</strong></span> <span class='ocrx_word' id='word_1_274' title='bbox 1243 1863 1402 1900; x_wconf 76' lang='lat' dir='ltr'><strong>obsidum.</strong></span> 
     </span>
     <span class='ocr_line' id='line_1_32' title="bbox 107 1917 1401 1967; baseline -0.001 -11"><span class='ocrx_word' id='word_1_275' title='bbox 107 1920 185 1956; x_wconf 81' lang='lat' dir='ltr'><strong>loco</strong></span> <span class='ocrx_word' id='word_1_276' title='bbox 203 1920 372 1954; x_wconf 79' lang='lat' dir='ltr'><strong>retineret</strong></span> <span class='ocrx_word' id='word_1_277' title='bbox 387 1932 395 1950; x_wconf 90' lang='lat'><em>:</em></span> <span class='ocrx_word' id='word_1_278' title='bbox 417 1917 543 1953; x_wconf 87' lang='lat' dir='ltr'><strong>immo</strong></span> <span class='ocrx_word' id='word_1_279' title='bbox 560 1930 652 1955; x_wconf 85' lang='lat' dir='ltr'><strong>vero</strong></span> <span class='ocrx_word' id='word_1_280' title='bbox 670 1917 798 1954; x_wconf 86' lang='lat' dir='ltr'><strong>vereri</strong></span> <span class='ocrx_word' id='word_1_281' title='bbox 819 1919 942 1967; x_wconf 84' lang='lat' dir='ltr'><strong>magis</strong></span> <span class='ocrx_word' id='word_1_282' title='bbox 960 1917 1142 1954; x_wconf 87' lang='lat' dir='ltr'><strong>debuisse</strong></span> <span class='ocrx_word' id='word_1_283' title='bbox 1154 1944 1164 1960; x_wconf 88' lang='lat'>‚</span> <span class='ocrx_word' id='word_1_284' title='bbox 1186 1928 1236 1954; x_wconf 85' lang='lat' dir='ltr'><strong>ne</strong></span> <span class='ocrx_word' id='word_1_285' title='bbox 1251 1919 1302 1953; x_wconf 89' lang='lat' dir='ltr'><strong>ab</strong></span> <span class='ocrx_word' id='word_1_286' title='bbox 1320 1917 1401 1963; x_wconf 89' lang='lat' dir='ltr'><strong>his,</strong></span> 
     </span>
     <span class='ocr_line' id='line_1_33' title="bbox 106 1972 1403 2020; baseline 0.001 -12"><span class='ocrx_word' id='word_1_287' title='bbox 106 1985 231 2020; x_wconf 85' lang='lat' dir='ltr'><strong>quam</strong></span> <span class='ocrx_word' id='word_1_288' title='bbox 252 1984 301 2008; x_wconf 89' lang='lat' dir='ltr'><strong>nc</strong></span> <span class='ocrx_word' id='word_1_289' title='bbox 319 1985 341 2007; x_wconf 88' lang='lat' dir='ltr'><strong>a</strong></span> <span class='ocrx_word' id='word_1_290' title='bbox 362 1972 559 2017; x_wconf 85' lang='lat' dir='ltr'><strong>barbaris,</strong></span> <span class='ocrx_word' id='word_1_291' title='bbox 586 1972 966 2009; x_wconf 83' lang='lat' dir='ltr'><strong>circumveniretur.</strong></span> <span class='ocrx_word' id='word_1_292' title='bbox 1007 1973 1119 2020; x_wconf 86' lang='lat' dir='ltr'><strong>Quae</strong></span> <span class='ocrx_word' id='word_1_293' title='bbox 1144 1972 1307 2008; x_wconf 89' lang='lat' dir='ltr'><strong>inanem</strong></span> <span class='ocrx_word' id='word_1_294' title='bbox 1338 1974 1403 2009; x_wconf 86' lang='lat' dir='ltr'><strong>fu-</strong></span> 
     </span>
     <span class='ocr_line' id='line_1_34' title="bbox 107 2024 1402 2076; baseline 0.003 -15"><span class='ocrx_word' id='word_1_295' title='bbox 107 2026 304 2076; x_wconf 81' lang='lat' dir='ltr'><strong>tilemque</strong></span> <span class='ocrx_word' id='word_1_296' title='bbox 327 2027 475 2063; x_wconf 86' lang='lat' dir='ltr'><strong>habent</strong></span> <span class='ocrx_word' id='word_1_297' title='bbox 496 2024 839 2064; x_wconf 72' lang='lat' dir='ltr'><strong>criminationem.</strong></span> <span class='ocrx_word' id='word_1_298' title='bbox 868 2030 1006 2076; x_wconf 86' lang='lat' dir='ltr'><strong>Neque</strong></span> <span class='ocrx_word' id='word_1_299' title='bbox 1025 2026 1134 2063; x_wconf 82' lang='lat' dir='ltr'><strong>enim</strong></span> <span class='ocrx_word' id='word_1_300' title='bbox 1160 2039 1239 2063; x_wconf 92' lang='lat' dir='ltr'><strong>non</strong></span> <span class='ocrx_word' id='word_1_301' title='bbox 1265 2028 1402 2075; x_wconf 85' lang='lat' dir='ltr'><strong>plures</strong></span> 
     </span>
     <span class='ocr_line' id='line_1_35' title="bbox 107 2081 1401 2132; baseline 0.002 -15"><span class='ocrx_word' id='word_1_302' title='bbox 107 2094 231 2131; x_wconf 85' lang='lat' dir='ltr'><strong>quam</strong></span> <span class='ocrx_word' id='word_1_303' title='bbox 253 2082 418 2118; x_wconf 89' lang='lat' dir='ltr'><strong>trecenti</strong></span> <span class='ocrx_word' id='word_1_304' title='bbox 437 2095 529 2118; x_wconf 86' lang='lat' dir='ltr'><strong>cum</strong></span> <span class='ocrx_word' id='word_1_305' title='bbox 548 2082 721 2119; x_wconf 85' lang='lat' dir='ltr'><strong>Leonida</strong></span> <span class='ocrx_word' id='word_1_306' title='bbox 740 2083 853 2118; x_wconf 85' lang='lat' dir='ltr'><strong>suere</strong></span> <span class='ocrx_word' id='word_1_307' title='bbox 868 2109 878 2126; x_wconf 84' lang='lat'>‚</span> <span class='ocrx_word' id='word_1_308' title='bbox 902 2081 1107 2119; x_wconf 85' lang='lat' dir='ltr'><strong>verissime</strong></span> <span class='ocrx_word' id='word_1_309' title='bbox 1122 2082 1167 2117; x_wconf 92' lang='lat' dir='ltr'><strong>in</strong></span> <span class='ocrx_word' id='word_1_310' title='bbox 1185 2083 1401 2132; x_wconf 83' lang='lat' dir='ltr'><strong>Prolegom.</strong></span> 
     </span>
     <span class='ocr_line' id='line_1_36' title="bbox 105 2137 1402 2186; baseline 0.001 -12"><span class='ocrx_word' id='word_1_311' title='bbox 105 2137 368 2184; x_wconf 81' lang='lat' dir='ltr'><strong>respondente</strong></span> <span class='ocrx_word' id='word_1_312' title='bbox 395 2138 521 2175; x_wconf 87' lang='lat' dir='ltr'><strong>Ioach.</strong></span> <span class='ocrx_word' id='word_1_313' title='bbox 552 2138 774 2176; x_wconf 78' lang='lat' dir='ltr'><strong>camerario.</strong></span> <span class='ocrx_word' id='word_1_314' title='bbox 821 2139 922 2174; x_wconf 85' lang='lat' dir='ltr'><strong>Nam</strong></span> <span class='ocrx_word' id='word_1_315' title='bbox 956 2142 1112 2185; x_wconf 87' lang='lat' dir='ltr'><strong>praeter</strong></span> <span class='ocrx_word' id='word_1_316' title='bbox 1137 2137 1402 2186; x_wconf 86' lang='lat' dir='ltr'><strong>septingentos</strong></span> 
     </span>
     <span class='ocr_line' id='line_1_37' title="bbox 106 2191 1403 2242; baseline -0.003 -13"><span class='ocrx_word' id='word_1_317' title='bbox 106 2191 378 2239; x_wconf 83' lang='lat' dir='ltr'><strong>Thespienses‚</strong></span> <span class='ocrx_word' id='word_1_318' title='bbox 401 2194 597 2240; x_wconf 78' lang='lat' dir='ltr'><strong>Spartano</strong></span> <span class='ocrx_word' id='word_1_319' title='bbox 625 2193 705 2242; x_wconf 84' lang='lat' dir='ltr'><strong>regi</strong></span> <span class='ocrx_word' id='word_1_320' title='bbox 727 2191 1016 2229; x_wconf 79' lang='lat' dir='ltr'><strong>addictissimus</strong></span> <span class='ocrx_word' id='word_1_321' title='bbox 1031 2218 1041 2236; x_wconf 90' lang='lat'><strong>‚</strong></span> <span class='ocrx_word' id='word_1_322' title='bbox 1069 2191 1234 2228; x_wconf 82' lang='lat' dir='ltr'><strong>aderant</strong></span> <span class='ocrx_word' id='word_1_323' title='bbox 1256 2198 1403 2230; x_wconf 89' lang='lat' dir='ltr'><strong>trecen-</strong></span> 
     </span>
     <span class='ocr_line' id='line_1_38' title="bbox 107 2246 1403 2296; baseline 0.002 -13"><span class='ocrx_word' id='word_1_324' title='bbox 107 2246 158 2283; x_wconf 82' lang='lat' dir='ltr'><strong>tis</strong></span> <span class='ocrx_word' id='word_1_325' title='bbox 175 2246 355 2294; x_wconf 86' lang='lat' dir='ltr'><strong>ipsorum</strong></span> <span class='ocrx_word' id='word_1_326' title='bbox 375 2247 542 2284; x_wconf 90' lang='lat' dir='ltr'><strong>ditionis</strong></span> <span class='ocrx_word' id='word_1_327' title='bbox 559 2248 719 2296; x_wconf 84' lang='lat' dir='ltr'><strong>plures,</strong></span> <span class='ocrx_word' id='word_1_328' title='bbox 744 2247 943 2296; x_wconf 85' lang='lat' dir='ltr'><strong>siquidem</strong></span> <span class='ocrx_word' id='word_1_329' title='bbox 964 2247 1137 2295; x_wconf 88' lang='lat' dir='ltr'><strong>quodam</strong></span> <span class='ocrx_word' id='word_1_330' title='bbox 1158 2259 1325 2283; x_wconf 89' lang='lat' dir='ltr'><strong>suorum</strong></span> <span class='ocrx_word' id='word_1_331' title='bbox 1344 2261 1403 2286; x_wconf 80' lang='lat' dir='ltr'><strong>sa-</strong></span> 
     </span>
     <span class='ocr_line' id='line_1_39' title="bbox 107 2301 1404 2351; baseline -0.002 -13"><span class='ocrx_word' id='word_1_332' title='bbox 107 2301 258 2338; x_wconf 84' lang='lat' dir='ltr'><strong>tellitio</strong></span> <span class='ocrx_word' id='word_1_333' title='bbox 285 2301 406 2338; x_wconf 86' lang='lat' dir='ltr'><strong>cincti</strong></span> <span class='ocrx_word' id='word_1_334' title='bbox 425 2302 470 2339; x_wconf 91' lang='lat' dir='ltr'><strong>in</strong></span> <span class='ocrx_word' id='word_1_335' title='bbox 491 2302 784 2351; x_wconf 86' lang='lat' dir='ltr'><strong>expeditionem</strong></span> <span class='ocrx_word' id='word_1_336' title='bbox 810 2302 870 2338; x_wconf 86' lang='lat' dir='ltr'><strong>ire</strong></span> <span class='ocrx_word' id='word_1_337' title='bbox 892 2303 1082 2347; x_wconf 83' lang='lat' dir='ltr'><strong>solerent,</strong></span> <span class='ocrx_word' id='word_1_338' title='bbox 1110 2307 1150 2338; x_wconf 91' lang='lat' dir='ltr'><strong>et</strong></span> <span class='ocrx_word' id='word_1_339' title='bbox 1166 2301 1318 2351; x_wconf 82' lang='lat' dir='ltr'><strong>singuli</strong></span> <span class='ocrx_word' id='word_1_340' title='bbox 1341 2303 1404 2339; x_wconf 61' lang='lat' dir='ltr'><strong>in-</strong></span> 
     </span>
     <span class='ocr_line' id='line_1_40' title="bbox 107 2355 1405 2406; baseline -0.001 -13"><span class='ocrx_word' id='word_1_341' title='bbox 107 2355 268 2393; x_wconf 81' lang='lat' dir='ltr'><strong>terdum</strong></span> <span class='ocrx_word' id='word_1_342' title='bbox 303 2355 351 2392; x_wconf 86' lang='lat' dir='ltr'><strong>ad</strong></span> <span class='ocrx_word' id='word_1_343' title='bbox 382 2364 559 2406; x_wconf 87' lang='lat' dir='ltr'><strong>septenos</strong></span> <span class='ocrx_word' id='word_1_344' title='bbox 583 2369 718 2394; x_wconf 87' lang='lat' dir='ltr'><strong>secum</strong></span> <span class='ocrx_word' id='word_1_345' title='bbox 746 2357 902 2394; x_wconf 88' lang='lat' dir='ltr'><strong>Hilotas</strong></span> <span class='ocrx_word' id='word_1_346' title='bbox 925 2357 1148 2400; x_wconf 85' lang='lat' dir='ltr'><strong>traherent,</strong></span> <span class='ocrx_word' id='word_1_347' title='bbox 1178 2362 1272 2393; x_wconf 85' lang='lat' dir='ltr'><strong>teste</strong></span> <span class='ocrx_word' id='word_1_348' title='bbox 1301 2357 1405 2395; x_wconf 81' lang='lat' dir='ltr'><strong>Scri·</strong></span> 
     </span>
     <span class='ocr_line' id='line_1_41' title="bbox 107 2411 1402 2461; baseline 0.002 -15"><span class='ocrx_word' id='word_1_349' title='bbox 107 2417 222 2458; x_wconf 86' lang='lat' dir='ltr'><strong>ptore</strong></span> <span class='ocrx_word' id='word_1_350' title='bbox 248 2411 322 2448; x_wconf 85' lang='lat' dir='ltr'><strong>lib.</strong></span> <span class='ocrx_word' id='word_1_351' title='bbox 339 2413 407 2449; x_wconf 83' lang='lat' dir='ltr'><strong>IX.</strong></span> <span class='ocrx_word' id='word_1_352' title='bbox 429 2414 492 2448; x_wconf 83' lang='lat'><strong>28.</strong></span> <span class='ocrx_word' id='word_1_353' title='bbox 523 2413 692 2460; x_wconf 82' lang='lat' dir='ltr'><strong>stipasse</strong></span> <span class='ocrx_word' id='word_1_354' title='bbox 716 2424 810 2449; x_wconf 87' lang='lat' dir='ltr'><strong>vero</strong></span> <span class='ocrx_word' id='word_1_355' title='bbox 829 2412 922 2447; x_wconf 87' lang='lat' dir='ltr'><strong>illos</strong></span> <span class='ocrx_word' id='word_1_356' title='bbox 952 2418 1143 2448; x_wconf 88' lang='lat' dir='ltr'><strong>trecentos</strong></span> <span class='ocrx_word' id='word_1_357' title='bbox 1170 2411 1242 2451; x_wconf 77' lang='lat' dir='ltr'><strong>hac</strong></span> <span class='ocrx_word' id='word_1_358' title='bbox 1270 2424 1402 2461; x_wconf 81' lang='lat' dir='ltr'><strong>pugna</strong></span> 
     </span>
     <span class='ocr_line' id='line_1_42' title="bbox 105 2465 1403 2518; baseline 0.003 -17"><span class='ocrx_word' id='word_1_359' title='bbox 105 2465 339 2507; x_wconf 81' lang='lat' dir='ltr'><strong>Hilotarum</strong></span> <span class='ocrx_word' id='word_1_360' title='bbox 361 2466 467 2504; x_wconf 89' lang='lat' dir='ltr'><strong>haud</strong></span> <span class='ocrx_word' id='word_1_361' title='bbox 485 2480 628 2516; x_wconf 89' lang='lat' dir='ltr'><strong>paucos</strong></span> <span class='ocrx_word' id='word_1_362' title='bbox 640 2494 650 2513; x_wconf 83' lang='grc'>,</span> <span class='ocrx_word' id='word_1_363' title='bbox 671 2467 915 2504; x_wconf 84' lang='lat' dir='ltr'><strong>nitidissime</strong></span> <span class='ocrx_word' id='word_1_364' title='bbox 930 2478 978 2512; x_wconf 76' lang='lat' dir='ltr'><strong>ex</strong></span> <span class='ocrx_word' id='word_1_365' title='bbox 996 2479 1030 2505; x_wconf 88' lang='lat' dir='ltr'><strong>c.</strong></span> <span class='ocrx_word' id='word_1_366' title='bbox 1051 2479 1142 2518; x_wconf 81' lang='lat'>229.</span> <span class='ocrx_word' id='word_1_367' title='bbox 1157 2472 1197 2506; x_wconf 86' lang='lat' dir='ltr'><strong>et</strong></span> <span class='ocrx_word' id='word_1_368' title='bbox 1213 2466 1288 2505; x_wconf 85' lang='lat' dir='ltr'><strong>lib.</strong></span> <span class='ocrx_word' id='word_1_369' title='bbox 1302 2468 1403 2511; x_wconf 79' lang='lat' dir='ltr'><strong>vlu,</strong></span> 
     </span>
    </p>
   </div>
  </div>
 </body>
</html>
