1718 2919
271 272 820 313 AD'HERODOT.
865 275 950 316 VI.
985 278 1196 329 125-127.
1286 280 1365 330 245

69 379 334 417 certaminum
353 381 538 417 vi0torias
555 408 563 425 7
594 384 657 423 μία
678 378 703 417 δ’
721 380 882 428 ἔκπρεπῆς
904 381 979 425 Διὸς
997 381 1212 428 Ὀλυμπίοις,
1232 396 1253 421 a
1273 385 1363 421 Cri-

73 436 160 472 ticis
186 435 376 484 Megacli‚
407 436 660 472 Alcmaeonis
691 436 815 483 patri,
849 437 1011 484 Olymp.
1042 450 1165 474 vau.
1195 439 1366 488 assigna-

70 495 127 526 ta:
147 502 321 538 quorum
343 491 504 537 quidem
525 490 753 526 adfirmatio
775 490 878 526 haud
894 491 973 526 scio
994 505 1043 527 an
1060 494 1215 537 Poetae.
1236 506 1358 530 unam

67 544 261 580 duntaxat
281 545 533 593 Olympicum
558 544 937 581 Alcmaeonidarum
960 547 1139 582 lauream
1159 549 1362 585 celebran-

68 599 140 643 tis,
160 600 257 634 bene
279 601 459 635 consulat
484 601 629 644 famae,
660 600 691 636 si
712 601 943 636 Alcmaeoni
962 628 970 643 ‚
992 601 1174 649 B'Iegaclis
1203 603 1284 647 fil„
1304 605 1363 639 al-

69 658 151 689 tera
170 653 360 690 debeatur
380 666 425 689 ex
450 655 582 691 Nostri
607 654 848 690 testimonio.
877 655 1016 691 Malim
1040 655 1225 702 opinari⁷
1253 656 1360 694 idem

70 708 275 756 Olympici
300 709 387 744 ludi
410 709 636 757 praemium
655 723 675 745 a
692 711 852 746 Pindaro
869 716 907 746 ct
919 712 1107 747 Herodoto
1125 711 1359 759 praedicari.

65 765 124 804 W
137 766 167 800 E
179 763 202 800 S
215 763 254 799 S.

177 814 321 856 CAP.
341 814 570 857 CXXVI·
593 817 629 855 5.
657 819 718 855 τοῧ
743 816 912 866 Μύρωνος,
940 820 1000 857 roff
1027 817 1222 869 Ἀνδρέω)
1248 821 1361 858 Avus

65 871 281 908 Clisthenis
312 875 514 910 Pausaniae
532 875 576 910 ΙΙ.
601 875 636 909 8.
657 871 784 918 Πύῤῥων
809 879 883 917 est,
917 874 986 909 ubi
1009 875 1182 912 Kizhnius
1212 876 1361 912 Ortha-

65 939 180 976 gorae
197 927 371 975 Sicyonii
393 927 552 975 tyranni
576 927 712 964 filium
732 928 906 971 censuit,
926 930 1065 965 Andrei
1086 929 1167 966 sive
1187 932 1361 968 Andreae

65 994 146 1017 non
166 982 404 1019 recordatus.
433 983 718 1031 Orthagoram‚
739 982 920 1017 familiae
941 984 1186 1032 principem,
1215 986 1358 1035 ignovi

65 1036 139 1072 lib.
159 1039 210 1073 V.
232 1037 295 1084 67.
308 1064 318 1082 7
347 1037 535 1085 deditque
554 1036 724 1073 eundem
746 1038 842 1073 Plut
864 1038 944 1073 Ser.
965 1041 1088 1075 Num.
1111 1039 1236 1076 Vind.
1270 1054 1354 1090 pag.

69 1091 160 1127 553.
185 1105 221 1127 A.
237 1117 246 1136 7
275 1094 459 1134 Σικυωνίοις
489 1095 530 1134 μὲ
535 1109 547 1128 ν
580 1089 784 1139 'Offloeso'oocg
811 1107 978 1135 γενομενος
999 1092 1055 1141 rii?
1060 1110 1128 1130 ocvvo
1133 1110 1166 1136 ς,
1184 1097 1258 1162 uua}
1283 1095 1357 1138 μετ’

64 1145 114 1182 ε’κε
118 1160 176 1183 mov
203 1146 230 1182 οἶ
255 1148 324 1193 περὶ
351 1144 539 1193 Μύρωνα
563 1148 621 1182 καὶ
646 1152 713 1183 Κλε
704 1146 782 1182 ισθέ
768 1161 854 1190 νην,
886 1163 944 1187 την
967 1147 1154 1184 ἀκολασίαν
1181 1145 1354 1192 ἔπαυσαν,

61 1210 202 1236 verum
219 1202 368 1250 Myroni
391 1200 560 1236 titulum
581 1200 732 1249 egregie
748 1213 942 1245 asserens,
972 1201 1013 1237 in
1038 1203 1221 1239 Pausania
1237 1204 1357 1240 vitio—

61 1266 150 1290 sum
170 1266 215 1290 ac
234 1255 548 1290 reformandum.
581 1255 753 1291 WESS.
779 1277 830 1282 —
873 1258 1016 1293 Proavo
1039 1257 1256 1294 Clisthenis
1288 1272 1357 1295 no-

63 1320 154 1345 men
173 1311 341 1346 Andreas
364 1310 465 1355 suit,
495 1322 573 1345 non
598 1311 779 1346 Andreas.
805 1308 937 1358 Ἀνδρέω
958 1311 999 1347 in
1030 1312 1159 1348 medio
1178 1313 1360 1350 decurta-

64 1369 151 1399 tum
171 1375 218 1399 ex
235 1361 399 1412 Ἀνδρέεω,
426 1378 447 1401 a
468 1364 664 1401 nominat.
680 1363 846 1409 Ἀνδρέας,
867 1365 996 1401 ionice
1016 1364 1169 1414 ’Adsim-
1200 1368 1262 1404 Sic
1283 1375 1357 1406 Πυ-

61 1419 129 1456 θέω
154 1420 241 1456 VII.
276 1421 343 1454 181
362 1445 371 1463 ‚
405 1420 438 1457 5.
470 1432 541 1467 pro
570 1420 718 1460 Πυθέεω,
750 1432 770 1454 a
800 1432 907 1456 nom.
935 1423 1081 1464 Πυθέας,
1112 1422 1194 1457 ion.
1219 1424 1350 1466 Πυθέης.

61 1473 175 1510 Conf.
201 1475 292 1510 Var.
311 1476 411 1510 Lect.
435 1474 481 1510 ad
503 1477 531 1510 Ι.
546 1476 630 1509 ·180
645 1501 655 1519 ,
685 1475 721 1510 5.
748 1473 793 1512 S.

167 1526 312 1567 CAP.
334 1526 593 1567 CXXVII.
616 1541 649 1564 2.
679 1526 713 1571 ἒς
739 1529 790 1565 ε’,τὶ
816 1532 970 1567 ’πλεῖστον
997 1527 1034 1568 δνῗ
1061 1528 1180 1575 χλιδῆς
1206 1529 1248 1574 εἷς
1274 1531 1353 1579 dmi?

59 1580 233 1633 οὲπίκετο)
262 1583 331 1619 His
351 1596 453 1632 quae
473 1584 654 1631 proxima
681 1582 963 1620 subiiciuntur
982 1586 1087 1632 apud
1114 1587 1250 1622 Athen.
1271 1588 1355 1623 XII.

60 1650 146 1686 pag.
175 1637 265 1682 54].
289 1651 318 1674 e.
352 1637 476 1677 εἵποντο
502 1640 581 1680 ’γοῦν
615 1637 711 1686 αὐτῷ
741 1640 844 1683 χίλιοι
876 1637 1027 1686 μοι’γειροι
1061 1643 1117 1677 καὶ
1154 1640 1352 1688 {evadam-u),

58 1693 177 1728 verba
203 1691 395 1728 videntur
416 1696 565 1729 Timaei.
609 1694 667 1728 De
683 1694 921 1743 Smindyridis
942 1696 1078 1730 luxurie
1097 1695 1171 1730 Iac.
1191 1695 1271 1744 egit
1290 1697 1356 1732 Pe-

57 1749 171 1783 rizon.
198 1746 242 1782 in
260 1749 406 1784 Aeliani
427 1751 522 1786 Var.
546 1747 645 1784 Hist.
662 1749 728 1783 IX.
748 1760 833 1795 cap.
857 1756 918 1792 24.
944 1748 1129 1797 attigerat
1154 1751 1205 1786 H.
1233 1751 1357 1787 Vales.

56 1802 101 1836 in
129 1804 220 1838 Exc.
246 1814 293 1838 ex
312 1804 473 1839 Diodoro
500 1816 536 1850 p.
565 1813 629 1847 40.
658 1798 788 1851 [Vide
816 1804 970 1839 Diodor.
989 1805 1032 1839 Τ.
1050 1806 1095 1841 II.
1118 1817 1157 1852 p.
1181 1804 1270 1841 550.
1293 1805 1354 1841 ed.

58 1853 217 1907 WVess.]
250 1857 357 1893 Illud
388 1859 592 1901 Herodoti,
621 1860 775 1894 πλεῖστον
794 1881 809 1887 -
823 1881 839 1887 -
859 1882 874 1889 -
892 1855 934 1900 εἷς
962 1856 1040 1906 οἶννῖρ
1055 1885 1064 1902 ,
1096 1859 1286 1895 adhibuit
1307 1860 1355 1896 de

57 1912 285 1959 Antiphonte
301 1916 455 1948 oratore
476 1913 642 1963 Thucyd.
658 1913 761 1948 VIII.
782 1925 814 1948 e.
837 1912 901 1948 68.
921 1911 995 1955 τούς
1014 1912 1266 1960 οὲγωνιξομένους
1280 1937 1295 1945 -
1309 1939 1324 1945 -
1339 1939 1357 1947 -

59 1968 202 2002 πλειστοι
217 1972 258 2009 είς
277 1965 356 2014 οἷνκρ
371 1989 387 1996 ·
401 1991 417 1999 -
435 1965 541 2009 δυνοέμ.
531 1983 606 2009 ενος
626 1965 691 2009 caim:
682 1976 728 2002 ἐλ
733 1969 782 2011 ἲν,
801 1981 889 2003 unus
910 1969 1066 2004 omnium
1085 1982 1248 2004 maxime.
1278 1970 1356 2017 Cy-

62 2031 131 2055 rus
147 2021 401 2070 Xenophontis
422 2021 675 2068 'Ame.1.p.1
689 2021 734 2070 59
752 2048 761 2065 ⁷
783 2035 794 2056 1
807 2022 842 2058 6.
863 2019 948 2069 δῶροι
964 2025 1111 2060 πλεῖστοι
1131 2026 1172 2066 μὲ
1177 2040 1209 2065 ν,
1230 2022 1323 2065 οἶμαι
1339 2050 1350 2068 ,

63 2071 104 2115 εἷς
129 2089 167 2115 γε
191 2074 269 2124 οὲννῖρ
297 2074 338 2112 ὠν
364 2074 547 2120 ἐλάμβανε.
578 2076 693 2113 Conf.
713 2077 845 2114 Aesch.
867 2078 968 2112 Pers.
987 2089 1042 2113 vs.
1067 2078 1157 2124 327.
1198 2079 1355 2115 Praeter

60 2127 353 2177 Smindyridem
379 2144 424 2167 ex
444 2131 559 2167 ltalia
580 2132 745 2192 Sicyona
764 2131 875 2168 venit
893 2127 984 2181 [lin.
1004 2140 1040 2177 4.
1051 2129 1068 2183 ]
1094 2145 1235 2180 procus
1251 2133 1355 2182 Aga-

63 2181 181 2218 ristae
200 2183 362 2229 Δαμασος
378 2184 548 2234 Α’,νιύοιοςε
575 2186 632 2221 sic
650 2185 759 2222 enim
786 2198 858 2235 pro
876 2185 1002 2229 Δοὲμοις
1022 2187 1040 2224 o‘
1064 2185 1232 2235 Σοιμῦριος
1250 2187 1355 2236 opti-

63 2248 126 2272 me
150 2238 325 2274 restituit
348 2242 478 2278 Galeas
500 2252 546 2276 ex
570 2241 687 2277 Arch.
709 2238 848 2289 ’Ἄμυρις
873 2240 994 2277 etiam
1016 2241 1174 2278 Italiota
1196 2255 1356 2290 prover-

61 2292 128 2327 bio
155 2292 236 2328 fuit
252 2293 511 2340 nobilitatus,
533 2296 580 2331 de
605 2308 684 2344 quo
705 2296 824 2343 plura
846 2294 956 2331 dedit
975 2307 1021 2331 ex
1042 2298 1247 2334 Pausaniae
1264 2300 1356 2334 LeX.

60 2347 269 2384 Eustathius
290 2348 333 2383 in
351 2348 415 2387 Ἰλ.
435 2349 480 2390 β’.
503 2363 588 2399 pag.
611 2351 720 2395 225..
751 2363 874 2399 quam
898 2352 1119 2399 Diogenian.
1147 2353 1260 2390 Cent.
1289 2354 1356 2389 III.

61 2402 172 2437 Prov.
195 2403 256 2455 26.
284 2404 503 2441 Graculum
521 2432 529 2449 7
550 2418 630 2454 quo
646 2405 890 2453 respiciunt,
917 2405 1088 2443 servavit
1110 2407 1251 2444 Athen.
1270 2409 1355 2444 XII.

60 2468 98 2502 p.
127 2457 215 2492 520.
236 2471 273 2494 A.
302 2460 377 2494 Hos
395 2471 441 2495 ex
463 2461 579 2497 Italia
606 2472 740 2508 procos
762 2459 969 2509 Agaristae
991 2460 1192 2510 designari
1220 2461 1356 2498 voluit

56 2511 157 2546 Dion
179 2511 314 2564 Chrys.
343 2516 410 2551 XI.
430 2527 514 2564 pag.
542 2515 628 2551 165.
648 2530 684 2552 D.
710 2515 780 2550 ubi
804 2515 998 2551 Plisthenis
1030 2515 1188 2552 nomini
1209 2527 1353 2552 nomen

60 2564 254 2605 Clisthenis
277 2580 370 2604 cum
400 2570 612 2607 casaubono
635 2569 963 2606 substituendum
984 2575 1053 2607 est.
1080 2572 1299 2609 VALCK.
