1718 2919
333 197 410 248 ‚fi
615 195 1368 237 AnNoTATIONEs

329 303 413 338 τοῖσι
438 299 530 343 ἀμφὶ
551 298 676 342 ταύτης
692 299 827 337 οἷκέουσι
847 301 907 342 τῆς
924 298 1061 343 πόλιοςι
1089 312 1193 349 quac
1213 311 1306 336 sane
1325 312 1406 336 non
1424 298 1633 350 eleganter

329 361 426 393 sunt
456 360 632 398 tornata3
675 356 805 392 Vallae
837 354 1014 399 reddita,
1047 355 1413 406 Amphictyensibus,
1443 357 1502 404 qui
1527 357 1628 392 circa

329 425 407 448 eam.
432 411 549 447 urbem
574 410 768 446 habitant:
800 411 1024 454 himerius,
1055 411 1372 461 Amphictyonas,
1400 409 1480 455 ait,
1509 423 1534 446 a
1553 411 1628 461 Py-

329 470 411 504 laea
429 468 551 503 suain
576 466 724 502 mediam
748 465 895 502 Cariam
920 467 998 502 sine
1025 468 1106 502 navi
1128 462 1398 512 transfretavit.
1438 465 1628 513 Suspicor

329 521 532 570 primum,
553 520 676 556 huius
695 525 809 556 notae
834 526 1038 556 auctorem
1059 533 1130 568 pro
1148 523 1358 569 περιοίκοισι,
1380 521 1409 556 Ι.
1443 521 1550 565 175.,
1570 522 1627 556 le-

328 577 428 627 gisse
453 576 496 612 in
517 588 588 612 suo
608 575 702 612 Cod.
722 577 917 622 περικτίοσιε
945 582 1108 611 noverat
1139 575 1325 624 magister
1342 587 1390 611 ex
1414 576 1526 610 Hom.
1547 575 1624 612 od.

330 631 378 674 β’.
395 631 459 668 65.
472 658 482 676 ,
507 632 707 679 περικτίονας
732 628 914 678 οἶνθρῶπους
930 629 975 667 Oi
990 628 1245 678 περιναιετάουσι
1259 646 1269 665 :
1291 630 1371 666 iam
1390 628 1481 665 vide
1498 642 1625 679 quam

330 687 441 723 docte
459 685 684 733 scripserit,
707 684 757 721 ad
776 685 982 732 exemplar
1005 686 1155 721 Homeri
1175 685 1462 732 propemodum
1475 710 1486 729 ,
1514 683 1626 729 οὲμφι-

331 744 438 780 κτίοσι
457 762 475 770 -
498 743 582 778 τοῖσι
603 739 697 783 dno}
715 760 732 767 -
750 760 766 767 -
786 740 938 777 οἰκέουσι.
969 740 1042 776 Ubi
1063 739 1252 776 meminit
1266 740 1432 792 Thucyd.
1454 740 1517 776 ΠΙ.
1535 749 1626 786 ¹⁰4·

334 799 417 834 Deli
437 797 500 834 τῶν
529 793 734 843 περικτιόνων
760 796 940 834 ννισιωτῶντ
977 795 1098 831 Schol.
1126 796 1346 844 Περικτίονες,
1377 794 1536 843 inquit,
1563 795 1624 832 εἶσὶ

332 854 390 889 καὶ
407 850 642 893 οἱμφικτίονες,
667 850 693 886 οἱ
714 849 955 897 περιοικοῦντες.
985 851 1085 886 Usus
1107 849 1271 886 rarioris
1286 849 1391 886 vocis
1411 848 1627 892 οἱμφικτίονες

331 907 562 954 exemplum
581 903 806 952 requirenti
825 910 1030 940 succurret
1046 905 1257 942 Androtion
1272 904 1380 953 apud
1396 905 1554 942 Pausan.
1574 905 1626 940 X.

334 975 420 1011 pag.
443 960 555 1005 815„
582 959 747 996 adiutus
771 972 793 995 a
811 959 1020 1009 Sylburgio.
1041 960 1289 997 Conterminos
1316 959 1542 1003 οἷμφικτίονοις
1563 971 1629 996 vo-

331 1029 422 1054 cans
453 1017 596 1052 Tzetzes
618 1015 731 1050 iuxta
763 1016 886 1051 Vales.
919 1014 963 1050 in
989 1016 1175 1064 Harpocr.
1204 1027 1242 1062 p.
1268 1015 1379 1061 276„
1407 1015 1631 1064 Scaligerum

332 1072 376 1108 in
393 1083 569 1107 errorem
591 1069 776 1112 induxit3
802 1069 935 1118 qualis
957 1071 1123 1106 Grotiutn
1149 1069 1270 1105 etiam
1290 1068 1445 1116 decepit
1460 1067 1630 1118 (stobaei

331 1126 396 1162 sui
419 1126 602 1175 Florileg.
620 1137 705 1173 pag.
730 1124 842 1174 197.)
867 1124 910 1159 in
934 1124 1019 1160 istis
1036 1124 1180 1160 incerti
1202 1126 1359 1161 Poetae:
1387 1122 1461 1161 κᾶτ’
1480 1122 1627 1169 ἄλκιμον

333 1180 419 1225 ἕξετε
439 1180 576 1223 &undu
601 1175 650 1218 ῗΩ
683 1180 760 1221 νέοι,
792 1177 857 1216 οὐδ’
880 1176 1011 1216 axis?
1044 1179 1137 1223 α’μφὶ
1157 1183 1376 1227 περικτίονας-ε
1403 1192 1512 1228 neque
1540 1180 1629 1216 vici-

335 1251 398 1273 nos
411 1265 419 1281 ,
439 1238 575 1272 iuvenes
586 1263 596 1279 ,
621 1236 838 1271 reveremini.
873 1236 950 1270 VA
964 1236 992 1270 L
1005 1235 1033 1270 C
1047 1236 1097 1271 K.

391 1300 428 1335 4.
465 1291 492 1328 ἐν
511 1288 541 1328 δὲ
560 1292 644 1327 τοῖσι
660 1286 953 1336 Πκὲοισέοισι)
973 1288 1122 1325 Verius
1137 1284 1413 1331 Πκδοισεῦσι,
1431 1287 1536 1337 quod
1553 1286 1628 1326 lib.

333 1348 404 1383 VI.
426 1358 488 1380 20.
528 1346 572 1382 P.
595 1345 804 1393 Leopardus
833 1344 986 1392 legebat
1011 1340 1238 1389 Πηὲκσέεσσι,
1268 1343 1433 1380 Emend.
1459 1345 1542 1380 VII.
1569 1356 1630 1380 11.

334 1401 576 1439 schedarum
598 1396 865 1441 Πηδοέσοισι,
890 1398 1005 1434 modo
1023 1397 1238 1434 conmodus
1258 1412 1278 1435 a
1298 1398 1441 1448 gentili
1458 1399 1630 1435 vocabu-

333 1457 373 1492 lo
392 1456 440 1492 ad
464 1456 606 1491 urbem
630 1451 776 1494 Πήδκσοι
807 1465 1006 1501 processus
1035 1453 1160 1497 foret,
1184 1465 1255 1489 nec
1283 1452 1425 1491 τούτοισι
1455 1465 1630 1490 morare-

335 1518 423 1555 tur,
443 1516 567 1558 posset
583 1509 693 1545 ferri.
713 1504 787 1558 [At
801 1521 871 1544 nec
890 1509 1081 1544 transitus
1093 1522 1114 1544 a
1129 1508 1272 1557 gentili
1285 1509 1332 1544 ad
1355 1508 1467 1544 urbis
1483 1520 1630 1544 nomen

334 1565 580 1602 incommodi
599 1564 824 1613 quidquam
855 1564 993 1607 habet3
1026 1576 1116 1608 nec,
1140 1563 1241 1611 quid
1262 1563 1463 1599 adiectum
1485 1576 1636 1612 prono-

334 1634 427 1658 men
447 1619 588 1658 τούτοισι
614 1618 711 1668 (sive
725 1648 735 1664 ‚
756 1619 861 1667 quod
875 1619 1036 1655 schedae
1050 1618 1269 1663 dederunt,
1286 1616 1458 1666 τουτέοισι)
1477 1619 1633 1655 adferat

336 1676 543 1713 molestiae
557 1702 567 1720 ,
586 1675 700 1711 video
717 1689 724 1707 z
748 1675 775 1711 ἐν
795 1677 878 1711 τοῖσι
904 1671 991 1714 Πηδ
1006 1672 1153 1711 οἷο-οισι
1173 1674 1348 1716 τουτέοισι,
1378 1675 1417 1710 ἱη
1438 1673 1508 1710 hac
1527 1674 1632 1719 urbe,

336 1734 392 1768 cui
408 1732 549 1768 Pedasa
578 1744 727 1774 nomen,
750 1743 860 1778 supra
885 1730 1185 1765 Halicarnassum
1206 1730 1296 1773 sita,
1320 1743 1338 1765 e
1355 1742 1426 1778 qua
1442 1730 1633 1766 oriundum

335 1788 598 1823 Hermotimum
616 1781 734 1833 disci]
762 1786 818 1820 At
849 1783 947 1820 ferri
971 1797 1050 1820 non
1072 1789 1196 1832 potest
1213 1785 1436 1832 συμφέρεται,
1457 1784 1528 1820 etsi
1548 1795 1630 1820 sae-

336 1842 429 1890 pius
453 1842 637 1885 συνκνείχθη
661 1841 807 1882 γενέσθαι
831 1845 1060 1886 repetatur:
1098 1838 1138 1873 id
1160 1838 1292 1883 enim,
1323 1839 1407 1888 quid
1432 1840 1632 1884 acciderit,

336 1910 417 1933 non
434 1923 443 1941 ,
465 1892 782 1946 quidfamaserat
800 1920 810 1938 ‚
842 1894 1022 1930 indicare
1043 1899 1184 1941 aptum
1208 1899 1277 1929 est.
1305 1889 1472 1943 [Itaque
1487 1905 1631 1931 verum

335 1959 421 1988 erat
437 1953 607 1999 φέρεται
623 1977 633 1992 ,
661 1949 766 1997 quod
785 1949 889 1985 alise
906 1949 1067 1985 schedae
1088 1946 1324 1996 dederunt.]
1345 1952 1498 1986 Verum
1517 1948 1630 1985 enim

336 2019 427 2043 vero
443 2007 574 2042 multa
594 2003 838 2041 narrationis
854 2003 976 2039 liuius
992 2003 1215 2040 offendunt.
1246 2003 1340 2039 Poni
1355 2004 1495 2039 saltem
1516 2016 1635 2051 opor-

337 2067 469 2097 tuerat
490 2059 586 2097 {mciv
608 2060 791 2096 atinio-l
817 2074 849 2096 τε
877 2061 933 2095 nx}
955 2062 1039 2096 τοῖσι
1061 2074 1207 2106 vegenia,
1236 2058 1354 2094 sicuti
1382 2058 1454 2094 lib.
1483 2061 1512 2096 Ι.
1539 2059 1630 2105 175.

335 2113 442 2166 [At,
476 2114 815 2163 quemadmodum
846 2112 920 2155 τούς
950 2116 1020 2160 περὶ
1053 2114 1115 2148 vel
1146 2112 1239 2156 κ’μφὶ
1270 2111 1374 2150 αὐτ-δν
1404 2113 1541 2150 Graeci
1566 2113 1632 2149 in-

338 2171 530 2219 telligunt
568 2172 705 2218 ipsum
737 2182 814 2204 cum
847 2169 941 2210 suis,
977 2167 1032 2203 sic
1068 2167 1176 2202 nihil
1211 2180 1448 2216 magnopere
1482 2170 1633 2214 obstat,

338 2238 418 2274 quo
439 2224 576 2260 minus
601 2225 800 2271 περικτίονκς
830 2220 894 2271 (si
917 2222 1032 2257 modo
1062 2234 1212 2259 necesse
1233 2220 1386 2272 fuerit)
1414 2230 1448 2259 et
1471 2226 1567 2272 ipsos
1596 2229 1632 2260 et

336 2281 402 2317 hos
422 2282 481 2329 qui
498 2282 629 2315 circum
651 2278 819 2314 habitant
834 2277 1125 2325 intelligamus.
1140 2273 1156 2326 ]
1187 2278 1387 2314 Gronovius
1404 2277 1605 2319 οἷμΦικτίοσι
1617 2302 1630 2320 ,

336 2336 384 2371 de
403 2334 546 2371 Codice
566 2333 712 2381 scripto
739 2333 883 2375 silens,
913 2332 1151 2379 publicavit.
1191 2332 1376 2380 Plerique
1407 2332 1540 2370 aliter.
1569 2333 1636 2370 Se-

336 2402 441 2439 quar
471 2395 601 2424 tamen
634 2390 683 2423 oh
717 2389 805 2424 Ask.
843 2398 1092 2422 consensum.
1123 2389 1178 2423 Ex
1209 2389 1338 2424 Vallae
1368 2387 1521 2424 Latinis
1545 2391 1637 2424 Am-

330 2446 554 2496 phictyonas
588 2443 771 2491 expulsos
804 2443 1014 2492 Lcopardus
1052 2442 1211 2479 voluit:
1243 2442 1378 2479 eadem
1408 2454 1520 2479 mens
1547 2444 1638 2480 Nic.
