1718 2919
292 184 371 245 204
578 193 1324 241 ADN'OTATIONES

290 302 490 350 habetque
508 301 583 338 sibi
606 304 882 354 suffragatores
903 317 1067 354 magnae
1086 306 1129 341 in
1152 306 1302 343 talibus
1321 307 1587 345 auctoritatis.

289 357 362 392 Ista
393 357 440 392 ad
472 357 706 395 inconmoda
738 373 828 395 rum
857 360 991 398 Nobil.
1017 362 1212 397 Palmerius
1241 361 1427 398 animum
1455 369 1586 399 atten-

289 411 421 451 deret,
448 420 680 462 nossetque‚
701 416 983 460 Aristodemum,
1010 416 1322 460 Aristomachum,
1351 418 1584 463 Cleodaeum,

287 468 460 516 Hyllum,
494 467 536 503 in
572 470 859 517 Spartanorum
889 469 1045 518 regibus
1064 471 1168 506 haud
1190 472 1358 513 censeri;
1381 471 1579 520 scriptum

288 517 381 571 [lin.
406 523 464 557 15.
480 519 506 574 ]
523 524 643 560 fuisse
661 524 854 561 decrevit.
874 523 961 564 πλνῖν
981 525 1045 562 τῶν
1060 522 1085 561 δ’
1106 524 1258 562 ύστοέτων
1275 528 1333 562 καὶ
1352 527 1415 563 τῶν
1436 525 1465 572 ξ’
1488 524 1578 567 μετ-οὲ

289 574 492 622 Λευτυχίὲεκ
521 577 653 626 πρώτων
684 581 975 625 κατᾰιλεχθέπων,
1008 582 1160 628 exceptis
1181 586 1334 628 quatuor
1359 583 1514 627 ultimis,
1543 586 1580 618 et

287 632 331 667 iis
361 638 511 679 septem,
543 636 600 682 qui
622 641 708 682 post
730 635 977 686 Leutychiclen
1006 637 1170 671 recensiti
1194 641 1301 678 sunt,
1337 635 1506 672 Exercit.
1534 635 1578 672 in

290 689 358 722 Gr.
386 690 549 723 Auctor.
572 701 654 737 pag.
681 689 744 738 39,
775 690 884 735 Quae
909 688 1052 736 optimi
1083 689 1162 725 viri
1193 688 1389 726 medicina
1414 689 1579 727 modum

287 741 461 785 excedit,
486 755 556 778 nec
583 743 713 790 pravis
729 744 939 779 sanitatem
969 743 1110 780 reddit.
1150 745 1268 780 Prava
1294 744 1464 793 reliquit
1492 743 1579 795 [lin.

295 797 314 831 8
333 792 432 846 αφ]
462 809 564 845 quae
583 798 638 834 sic
664 798 762 847 fingi
786 799 1002 842 debebant,
1030 801 1279 846 Χαρίλλου,
1312 800 1374 836 τοῦ
1398 797 1579 838 Πολυδέ·

290 867 436 893 κτεος,
465 853 525 889 τεῦ
552 851 769 896 Ev'vp'uov:
801 854 1105 891 nam-Charinus
1128 854 1332 904 Polydectis
1357 853 1436 890 fuit
1452 856 1581 902 filius,

287 906 437 941 Eunomi
458 921 563 955 nepos
579 936 586 949 ,
616 907 733 944 sicuti
757 910 810 945 Ιο.
832 911 1008 946 Mem-sius
1027 909 1146 957 Regu.
1172 908 1394 944 Lacedaem.
1411 921 1495 957 cap.
1518 909 1578 946 16.

288 967 325 995 et
349 962 410 996 [id.
436 965 629 998 Sinisonms
652 963 745 999 Chr.
772 967 852 1001 An.
876 966 928 1001 M.
963 964 1078 1008 5107.
1104 963 1340 999 docuerunt.
1370 965 1579 1012 Perperam

289 1024 486 1062 practerea
519 1020 625 1053 abest
657 1021 765 1059 Sous,
800 1018 1069 1066 Euryphontis
1100 1024 1234 1065 pater,
1266 1018 1411 1054 Proclis
1442 1019 1578 1064 filius,

286 1070 419 1106 eodeni
443 1074 599 1108 Meursio
619 1085 650 1108 c.
679 1073 736 1109 15.
759 1080 1014 1110 monstrante.
1044 1073 1191 1108 Omnes
1216 1073 1286 1108 hae
1306 1074 1446 1109 turbae
1462 1080 1501 1110 et
1519 1085 1582 1110 er·

287 1138 394 1179 rores
415 1126 592 1162 iniuriae
624 1134 846 1174 temporum
869 1135 907 1164 et
930 1127 1193 1163 librariorum
1223 1127 1439 1171 debentur3
1465 1139 1582 1177 expe-

287 1180 375 1216 ditu
391 1207 399 1218 ,
420 1181 632 1217 silentibus
654 1182 887 1221 codicibus„
918 1182 1226 1218 inextricabiles.
1255 1183 1480 1230 Amplexus
1498 1189 1582 1222 Χα-

286 1237 435 1282 ρίλλου
461 1247 546 1271 sum
580 1249 745 1281 nornen„
779 1239 907 1273 obtem
919 1250 1054 1285 perans
1079 1239 1281 1273 Pausaniae
1310 1238 1580 1285 pluribusque

285 1290 399 1326 aliis:
430 1290 523 1326 inde
554 1290 726 1338 Χκριλοὶου
752 1287 856 1340 apud
884 1292 1073 1329 Plutarch.
1102 1292 1144 1327 in
1167 1294 1330 1341 Lycurg.
1351 1292 1580 1341 frequenta—-

288 1351 357 1381 tur
378 1345 537 1381 titulus.
572 1346 748 1382 U‘ESS.

362 1431 364 1433 >
397 1398 541 1439 CAP·
561 1398 811 1439 CXA‘XJI.
837 1403 880 1437 15
900 1416 994 1452 seqq.
1021 1400 1061 1439 τὸ
1090 1399 1156 1448 γοὶρ
1180 1402 1366 1449 προσωτέρω
1389 1402 1460 1438 miv
1481 1398 1580 1452 etc.)

289 1456 471 1492 Formido
490 1457 652 1504 urgebat
669 1468 715 1491 ex
737 1458 942 1493 Persarum
964 1456 1138 1492 maximo
1160 1462 1364 1503 potentatu
1378 1482 1389 1500 9
1417 1463 1502 1492 tum
1523 1463 1582 1493 et-

287 1510 366 1546 iam
383 1537 393 1549 ,
410 1511 514 1559 quod
533 1513 771 1547 Graecorum
793 1512 915 1547 multi
938 1517 1119 1547 accurata
1139 1511 1379 1546 ulteriorum
1399 1511 1579 1548 locorum

288 1565 431 1602 notitia
455 1565 733 1602 deficerentur.
772 1567 829 1602 De
858 1566 1000 1603 multis
1023 1567 1186 1613 loquor:
1215 1578 1306 1601 nam
1327 1566 1581 1602 Atheniensi-

288 1621 362 1656 bus
382 1633 447 1656 ora
469 1620 587 1656 Asiae
605 1626 643 1656 et
662 1621 848 1657 Thraciae
863 1623 909 1657 ad
928 1621 1229 1668 Hellespontum
1258 1620 1580 1669 navigationibus

288 1676 330 1710 in
362 1676 522 1725 Sigeum
543 1703 552 1719 ,
594 1675 820 1723 Ephesum,
860 1677 1228 1723 Chersonesumque
1262 1675 1580 1723 exploratissima

287 1736 392 1772 erat;
423 1742 554 1778 neque
580 1731 783 1778 Spartanis
810 1731 969 1780 ignotus
987 1730 1094 1768 Sami
1120 1729 1372 1778 viciniaeque
1389 1730 1489 1767 situs
1508 1730 1578 1767 lib.

286 1787 351 1822 ΙΙΙ.
373 1786 436 1828 46.
455 1785 566 1821 Haud
584 1785 764 1821 districte
778 1798 867 1834 ergo
888 1787 981 1822 haec
996 1784 1185 1822 sumenda
1199 1811 1209 1828 ‚
1231 1796 1301 1820 nec
1325 1784 1373 1820 de
1390 1785 1580 1822 omnibus

288 1840 454 1876 omnino
472 1839 648 1884 Graecis,
663 1841 782 1876 sicuti
802 1841 992 1888 accepisse
1013 1840 1173 1876 videtur
1192 1840 1365 1876 Libanius
1385 1840 1455 1876 Or.
1473 1842 1580 1877 XIX.

290 1909 329 1943 p.
352 1897 443 1938 480.
478 1895 547 1930 ubi
573 1894 815 1941 ὑπερενεχόένκι
847 1894 956 1934 Δῆλου
978 1888 1111 1942 Φοέἶερδιῖ
1140 1894 1261 1930 fuisse
1280 1894 1386 1929 olim'
1409 1898 1476 1937 τοῖς
1491 1892 1581 1932 Ἐλ-

288 1961 363 1989 >mera
381 1950 592 1985 adseverat.
635 1951 763 1995 Quam
787 1949 950 1998 quidem
977 1948 1180 1996 Sophistae
1204 1949 1494 1984 aberrationem
1515 1949 1578 1986 Cl.

288 2006 512 2041 D'Orvillius
527 2004 692 2041 Miscell.
714 2006 807 2042 Obs.
823 2005 915 2040 Vol.
931 2006 1014 2041 VH.
1035 2017 1071 2051 p.
1094 2017 1104 2037 1
1122 2016 1154 2039 1.
1175 2003 1389 2052 redarguit.
1406 2004 1578 2041 WESS.

290 2080 339 2085 —
371 2062 435 2096 Est
456 2060 498 2094 in
528 2059 587 2093 his
607 2070 698 2095 sane
721 2058 976 2106 hyperbolica
999 2057 1193 2106 quaedam
1218 2057 1431 2105 descriptio
1449 2064 1579 2094 metus

287 2120 407 2161 atque
437 2114 619 2157 terroris,
653 2113 725 2161 qui
756 2116 941 2157 Graecos,
975 2112 1158 2159 quamvis
1193 2112 1413 2149 Salaminia
1447 2116 1579 2162 pugna

287 2169 475 2204 victores.
508 2175 638 2204 tamen
670 2167 814 2203 deinde
840 2168 1063 2203 etiamnum
1088 2179 1285 2214 percussos
1312 2168 1487 2212 tenebat,
1509 2172 1581 2204 aut

288 2223 419 2258 denuo
433 2222 604 2259 subinde
617 2221 680 2270 (ut
694 2223 774 2258 sere
785 2222 873 2258 fieri
893 2221 1006 2269 solet)
1021 2221 1166 2257 eisdem
1180 2222 1407 2269 obrepebat,
1428 2221 1582 2270 magni-

290 2278 472 2314 tudinem
498 2276 764 2326 cogitantibus
783 2276 956 2324 periculi
976 2288 996 2312 e
1019 2289 1099 2323 quo
1121 2283 1276 2324 praeter
1293 2287 1399 2323 spcin
1425 2275 1582 2324 opinio-

288 2344 461 2380 nemque
479 2337 739 2373 emerserant;
761 2343 890 2379 quum
913 2331 1145 2378 praesertim
1165 2330 1285 2366 etiam
1309 2337 1404 2366 tunc
1425 2337 1462 2367 et
1478 2333 1582 2367 Mar-

287 2387 432 2423 donius
455 2399 546 2422 cum
576 2385 746 2421 immani
769 2385 944 2421 exercitu
974 2385 1017 2420 in
1045 2385 1230 2421 Graeciae
1248 2385 1466 2421 visceribus
1494 2385 1581 2421 hae-

288 2448 409 2488 reret,
439 2448 478 2478 et
506 2441 550 2476 in
573 2440 707 2478 Ioniae
734 2452 824 2485 ora,
854 2439 886 2476 si
913 2440 1074 2476 classem
1103 2451 1147 2475 eo
1176 2439 1408 2485 mitterent,
1437 2443 1581 2477 Xerxes
