1718 2919
322 240 375 279 50
578 232 1353 273 'ADNOTATIONES

373 335 391 390 [
413 351 472 375 io.
502 339 602 386 μέχρι
625 336 757 388 οὔρων
783 339 846 375 τῶν
873 333 1062 386 Κιλικίων)
1095 337 1215 387 Usque
1240 337 1289 374 ad
1315 338 1463 375 Ciliciae
1476 337 1625 385 fines.

321 397 517 432 Montes
544 394 692 431 Ciliciae
718 392 915 443 intelligit
935 394 1077 429 Heeren
1096 405 1134 440 p.
1158 392 1248 429 831.
1273 405 1373 442 quos
1389 393 1421 430 si
1445 393 1627 444 designa-

318 461 363 486 re
382 451 589 487 Herodotus
614 448 826 491 voluisset,
852 447 962 495 οὐρέων
993 453 1077 483 erat
1098 447 1337 496 scripturus.
1368 445 1440 500 S.]

377 518 440 541 22.
474 502 665 553 Τίγρης)
699 505 838 552 Quum
867 502 910 538 in
939 504 1030 540 Aldi
1063 504 1345 552 Camerariique
1365 503 1561 552 exemplis
1585 509 1625 541 et

318 560 450 597 msstis
469 560 626 596 duobus
651 562 775 607 Πίγρης
796 557 1020 603 scribatur,
1048 558 1245 594 debuerat
1262 571 1350 607 pars
1372 558 1446 595 ista
1470 559 1624 596 Salma-

317 615 453 652 sianae
478 614 766 663 disputationis
794 614 843 649 ad
860 615 974 650 Solin.
998 626 1036 661 p.
1055 615 1149 664 489.
1176 615 1263 650 sine
1282 614 1401 661 culpa
1423 613 1619 663 relinqui.

318 670 421 708 Mihi
444 673 568 718 Πίγρης
590 682 670 706 non
699 669 848 718 placet,
875 667 1001 704 dubio
1029 671 1202 717 Τίγρης
1225 681 1275 705 an
1309 671 1467 718 Τίγρις
1491 668 1623 717 potior

317 725 387 763 sit·
415 729 550 773 Τίγρις,
577 725 638 761 uti
665 725 731 761 hic
747 723 888 772 scripti
910 723 1077 772 quidam
1100 730 1139 760 et
1163 724 1396 768 Emathias,
1421 723 1477 760 sic
1497 723 1571 761 lib.
1591 727 1622 763 Ι.

316 794 351 818 c.
373 783 513 831 189Let
534 781 619 830 ¹93·
641 781 686 817 11.
713 780 799 816 150.
815 796 822 821 3
840 780 1041 827 Tiypngvl.
1063 792 1126 816 20.
1141 774 1158 829 [
1174 779 1371 827 Equidem
1384 780 1621 816 cumSchae-

306 834 395 884 jero
410 836 585 885 priorem
602 841 737 872 tenens
747 834 1013 882 scripturam,
1030 847 1109 870 non
1125 834 1273 870 idcirco
1285 834 1453 871 alteram
1468 834 1621 883 impro-

316 887 405 942 bo.]
434 894 551 928 Hunc
568 896 704 927 autem
725 889 910 938 perhibet
924 900 971 925 ex
986 890 1194 926 Armeniis
1217 889 1364 935 fluere,
1388 900 1459 925 nec
1473 889 1621 927 discor-

315 947 415 983 dant
431 947 676 995 scriptorum
692 945 783 982 alii.
813 944 985 983 Secundi
1007 945 1133 981 fontes
1148 951 1187 982 et
1204 944 1403 994 scaturigo
1423 944 1466 980 in
1483 945 1622 982 Matie-

317 1001 381 1038 nis
397 1018 404 1036 z
433 1001 452 1040 δ
472 999 502 1039 δὲ
519 999 645 1049 ὕστερον
674 999 760 1051 [lin.
777 997 854 1050 25.]
868 1003 964 1037 alter
981 999 1158 1037 vertitur
1176 1013 1197 1036 a
1219 1002 1342 1037 Valla.
1365 999 1478 1036 Unde
1492 999 1620 1050 igitur

318 1057 486 1095 tertium
517 1055 674 1092 labitur
696 1055 879 1093 flumen?
914 1058 994 1092 Hoc
1022 1063 1178 1103 praeter
1203 1055 1534 1104 exspectationem
1564 1062 1622 1093 ta-

317 1119 443 1150 cetur.
474 1112 594 1162 Pinge
609 1111 745 1159 itaque
761 1124 852 1148 cum
874 1111 936 1147 Cl.
956 1112 1091 1155 Ραιιψ,
1117 1112 1144 1148 οἱ
1163 1108 1194 1148 δὲ
1213 1108 1340 1159 ὕστερον
1359 1111 1395 1148 ἐκ
1413 1112 1616 1154 Ματιηνῶν,

316 1174 356 1205 et
373 1167 538 1204 secundi
563 1179 608 1202 ac
634 1166 744 1203 tertii
778 1172 946 1215 patescet
969 1165 1093 1215 origo.
1124 1167 1240 1203 Certe
1264 1165 1308 1201 in
1328 1165 1514 1202 Matienis
1541 1179 1623 1203 sca·
1682 1177 1685 1182 ‘

318 1223 497 1260 turiebat
513 1221 667 1270 Gyndes
681 1249 691 1267 a
710 1221 759 1258 de
777 1235 859 1270 qno
877 1220 950 1258 lib.
967 1223 996 1258 Ι.
1020 1223 1107 1272 189.
1128 1221 1306 1259 WESS.
1329 1241 1380 1247 -
1411 1222 1486 1257 Ille
1499 1248 1509 1266 ⁷
1529 1221 1619 1265 ὁμὲν

316 1276 487 1328 πρότερος,
520 1277 624 1316 Viro
648 1277 762 1314 docto
790 1279 913 1327 Tigris
937 1282 1010 1318 est3
1042 1276 1149 1312 unde
1175 1276 1219 1312 in
1244 1276 1506 1325 sequentibus
1533 1283 1621 1313 tur-

316 1335 389 1370 bae
406 1333 604 1369 exsistunt
619 1359 629 1378 ,
648 1345 752 1381 quae
779 1333 921 1368 nullae
940 1337 1057 1377 sunt,
1084 1331 1116 1368 si
1144 1344 1238 1368 cum
1261 1331 1447 1369 Larchero
1463 1337 1502 1368 et
1525 1331 1621 1368 aliis

311 1391 472 1439 priorem
498 1388 624 1425 illum
646 1394 686 1424 et
702 1391 856 1425 alterum
879 1386 1158 1436 intelligamus
1180 1386 1280 1423 duos
1302 1387 1396 1423 illos
1420 1386 1623 1437 cognomi-

316 1456 408 1488 nes,
428 1456 606 1492 quorum
636 1443 803 1479 nomina
828 1442 966 1479 minus
988 1448 1080 1479 nota
1107 1442 1270 1479 silentio
1299 1442 1490 1490 praeterit
1516 1442 1622 1480 Scri-

317 1506 420 1548 ptor.
451 1502 539 1536 Esse
557 1504 693 1535 autem
711 1498 803 1535 illos
822 1500 991 1535 maiorem
1010 1500 1246 1547 minoremque
1264 1497 1443 1534 Zabatum
1463 1499 1527 1534 vel
1547 1499 1621 1536 Za-

317 1556 455 1599 batem‚
484 1567 578 1590 cum
604 1555 789 1591 Larchero
816 1553 1083 1602 probabiliter
1099 1552 1241 1589 statuit
1258 1555 1414 1590 Hem-en.
1450 1551 1495 1591 S.

375 1612 438 1646 28.
468 1607 801 1657 ἐσβάλλοντος)
833 1608 951 1646 Arch.
973 1607 1267 1649 ἔσβαέλλοντι,
1297 1608 1347 1644 ob
1376 1620 1619 1658 consequens

316 1666 577 1708 μεταβαίνοντι,
609 1676 678 1713 ego
698 1664 849 1712 primas
871 1664 1024 1700 darem.
1053 1665 1096 1699 In
1116 1664 1303 1700 Pausania
1322 1663 1429 1700 nihil
1450 1665 1522 1701 hac
1543 1664 1621 1701 fre·

317 1719 510 1768 quentius
542 1725 760 1757 structura.
807 1719 880 1757 Sed
916 1731 1011 1755 usus
1043 1717 1226 1763 editum,
1259 1726 1449 1756 monente
1485 1720 1620 1764 Galeo,

314 1787 409 1812 cum
434 1787 514 1810 non
535 1781 719 1823 spernat,
739 1781 939 1812 servatum
962 1773 1071 1809 illud
1091 1780 1167 1809 est:
1188 1786 1282 1810 nam
1304 1773 1520 1818 ἐσβάλλοντες
1535 1787 1618 1823 quo

316 1830 488 1866 tibicine
512 1830 731 1876 fulciatur,
763 1831 965 1867 Gronovius
992 1828 1131 1865 docere
1167 1829 1327 1874 noluit,
1357 1829 1505 1865 nedum
1536 1842 1618 1879 quo

316 1891 532 1921 nectantur
561 1884 677 1921 modo
713 1888 856 1928 σταθμοί
882 1885 942 1923 εἰσ-ι
981 1885 1141 1933 τέσσερες,
1175 1896 1277 1933 quae
1309 1884 1440 1920 alium
1475 1885 1619 1935 utique

318 1939 526 1989 participii
560 1952 696 1976 casum
729 1940 807 1977 sibi
837 1939 1078 1977 desiderant.
1125 1941 1197 1976 Hic
1230 1951 1323 1976 vero
1355 1937 1551 1988 manufesta
1581 1952 1621 1978 se

318 1995 454 2043 prodit
470 1998 624 2041 lacuna5
642 1995 787 2032 desunt
808 2007 1117 2044 parasangarum
1139 2001 1255 2032 notae
1273 2002 1312 2031 et
1330 1995 1492 2032 numeri
1508 2022 1518 2041 9
1541 1995 1622 2032 dif-

319 2051 482 2087 ficulter
506 2062 553 2086 ex
577 2050 701 2087 dubia
727 2051 836 2087 inter
869 2051 1093 2087 mansiones
1127 2056 1167 2087 et
1195 2062 1427 2100 parasangas
1455 2063 1621 2100 propor-

318 2105 429 2142 tione
453 2105 706 2142 restituendi.
734 2107 920 2145 WESS.
940 2126 991 2133 —-
1025 2107 1126 2142 Tum
1147 2105 1191 2141 in
1211 2107 1399 2143 Addendis
1421 2108 1519 2143 IDEM
1542 2106 1622 2143 Vir

317 2161 455 2196 doctus
476 2160 569 2196 haec
591 2160 758 2198 adiecit:
787 2188 808 2205 ‚‚
823 2161 863 2198 Si
891 2161 1065 2197 defectus
1085 2161 1338 2208 expleretur,
1363 2173 1466 2210 quae
1485 2163 1622 2200 Kluitii

318 2215 606 2261 „coniectura‚
640 2218 785 2257 σταθμοί
813 2216 872 2253 εἶσι
899 2218 1041 2264 τέσσερες
1071 2219 1148 2253 καὶ
1181 2217 1451 2261 τριήκοντα.
1479 2233 1620 2266 παρα-

316 2269 523 2316 ,,σ·α’γγαι
546 2268 584 2307 δὲ
609 2270 724 2308 {ati-oe*
748 2273 826 2308 καὶ
852 2269 1095 2318 τριήκοντα
1116 2273 1192 2308 καὶ
1219 2270 1400 2317 {xxi-0¹1¹,
1430 2272 1622 2308 stathmo-

319 2352 343 2369 „
356 2338 445 2361 rum
471 2331 510 2361 et
539 2338 848 2376 parasangarum
878 2337 1072 2362 numerus
1102 2327 1402 2363 rotundaretur.
1444 2326 1620 2376 Aliquid

318 2380 419 2425 „hic
438 2379 564 2416 deesse
582 2387 737 2417 certum
762 2381 977 2417 arbitror.⁴⁴
999 2402 1049 2407 —
1081 2384 1227 2418 Eodem
1251 2383 1365 2418 modo
1391 2382 1622 2431 eisdemque

318 2435 470 2478 verbis,
491 2435 564 2471 diu
587 2442 679 2472 ante
704 2439 905 2477 Κίιιὶιῐιινη,
933 2436 1171 2484 explendam
1197 2437 1324 2473 videri
1348 2438 1532 2474 lacunam
1550 2438 1620 2474 do-

313 2496 457 2526 cuerat
478 2491 532 2526 De
553 2493 590 2527 la
608 2492 745 2536 Barre⁷
766 2493 808 2527 Τ.
829 2492 934 2529 VIII.
951 2493 1087 2530 Actor.
1108 2492 1229 2529 Acad.
1245 2494 1365 2531 Inscr.
1384 2505 1425 2541 p.
1443 2493 1535 2539 343.
1564 2496 1621 2532 At
