1718 2919
286 224 362 264 422
565 211 1329 253 ADNoTATIONEs·

284 317 393 354 ludit
412 315 655 368 longissime.
684 320 733 356 Et
754 318 831 354 huc
849 318 1043 367 stupenda
1063 317 1241 355 trahitur
1263 318 1577 368 argumentatio·

286 384 354 418 ne,
375 373 480 420 quod
499 373 682 423 deinceps
702 380 914 422 sequetur.
941 375 1028 421 τρίτῃ
1049 370 1079 410 δὲ
1101 374 1196 421 γενεῇ
1224 372 1311 413 uero&
1342 374 1447 411 Μίνεω
1466 383 1576 411 τελευ-
1598 390 1614 398 ’

285 425 434 468 τῆσκντοι
457 430 601 471 γενέσθαι
630 428 676 467 τοὶ
704 427 855 476 Τρωϊκοέ.
898 430 1039 473 Taceo,
1068 439 1197 475 neque
1226 428 1335 464 enim
1368 428 1572 464 occultum

285 488 375 523 est..
396 486 474 531 τρεΐς
501 482 611 527 γενεοὶς
642 496 712 532 pro
738 483 871 521 Nostri
902 495 1010 519 more
1040 488 1201 519 centum
1231 483 1428 519 duntaxat
1443 495 1575 520 annos

285 538 487 574 absolvere
515 539 588 575 lib.
618 541 663 575 H.
690 547 776 582 142.
821 541 877 575 At
903 545 999 575 sunt
1030 538 1073 573 in
1104 538 1258 588 egregio
1291 537 1576 574 Conmentario

286 593 425 641 plura,
451 593 676 631 festinatius
704 593 975 643 deproperata.
1002 593 1183 632 WESS.
1213 614 1264 620 —
1311 592 1487 630 Videtur
1509 592 1577 628 do-

285 647 483 685 ctissimus
505 649 664 694 Editor,
686 650 865 688 οἰκῆσαι
886 648 981 685 licet
1001 648 1042 684 in
1062 654 1248 685 contextu
1274 653 1409 684 tenens
1423 674 1434 692 ‚
1458 647 1577 684 unice

288 706 418 739 tamen
442 704 608 741 οἰκίσαι
633 716 773 741 verum
795 704 1011 749 iudicasse,
1040 703 1146 752 quod
1176 710 1213 740 et
1233 701 1379 752 Schaef.
1404 702 1577 752 recepit,

280 770 405 806 quem
425 766 463 794 et
481 770 548 807 ego
563 771 655 795 cum
673 760 815 797 Schulz.
836 765 875 796 et
893 759 1005 795 Borh.
1026 764 1182 795 secutus
1202 771 1305 795 sum.
1345 761 1424 796 Nec
1444 764 1576 794 tamen

285 813 623 851 dissimulandum
639 841 649 859 ‚
675 815 840 863 scriptos
863 815 985 851 libros
1004 825 1140 851 omnes
1158 827 1250 851 cum
1276 812 1376 850 olim
1395 812 1513 850 editis
1533 812 1576 848 in

288 868 419 908 einim
437 870 671 906 consentire.
702 870 817 908 Conf.
841 872 931 906 Var.
952 872 1053 907 Lech.
1074 871 1141 906 VI.
1166 870 1238 915 33,
1262 882 1320 905 1¹..
1348 867 1393 907 S.

345 936 420 958 20-
440 937 503 960 22.
533 922 569 962 οἳ
601 924 668 963 ὖπδ
695 923 844 963 Μικύθου
864 922 960 971 etc.)
1001 925 1162 962 Malunt
1182 922 1234 962 οἶσι
1255 922 1324 962 ύπδ
1344 929 1456 968 Μικ.,
1487 929 1576 961 tum

289 976 401 1015 οἷο-τῶν
425 991 556 1016 vocem
583 993 744 1028 pravam
774 980 924 1024 videri,
953 980 995 1015 in
1022 979 1167 1028 primis
1185 977 1288 1021 οὕτω,
1320 990 1341 1015 e
1361 977 1578 1030 marginali

287 1044 373 1068 cera
394 1041 538 1070 temere
557 1035 767 1085 ingestum.
797 1031 878 1086 [Sic
900 1032 1087 1083 Reiskius.]
1122 1036 1228 1082 Quas
1260 1034 1425 1082 quidem
1449 1034 1581 1083 suspi-

289 1088 419 1125 ciones
438 1090 669 1126 auctoribus
695 1104 771 1126 non
795 1091 971 1127 invideo:
1004 1089 1033 1128 οἳ
1058 1091 1120 1126 τῶν
1145 1088 1257 1126 οἷο-τῶν
1285 1087 1365 1139 [qui
1391 1103 1433 1125 ea:
1453 1091 1578 1126 civium

289 1142 479 1194 πωπω-0,]
508 1146 721 1194 Scriptoris
752 1158 860 1182 more
881 1148 1037 1195 Rhegini
1068 1147 1121 1181 illi
1142 1151 1259 1180 sunt.
1282 1159 1306 1180 α
1330 1146 1495 1196 Μὶςγιὴο
1514 1159 1579 1182 au-

287 1200 452 1235 xiliatum
472 1203 582 1237 missi.
612 1200 768 1238 ω’πέἆκνσν
793 1204 968 1247 τρισχίλιοι
998 1199 1079 1238 οὕτω
1108 1213 1188 1235 non
1219 1199 1356 1245 aliud,
1385 1212 1429 1236 ac
1459 1200 1578 1243 ὁμοίως

288 1255 485 1305 Hesychii,
505 1255 605 1299 sive,
638 1260 694 1293 τόν
719 1254 820 1294 αὐτόν
850 1255 979 1301 τρόπον,
1013 1255 1074 1291 uti
1106 1262 1330 1303 opportune
1358 1254 1424 1291 vir
1439 1255 1578 1292 doctus

287 1309 453 1346 Miscell.
486 1312 647 1347 Observ.
679 1311 721 1347 T.
752 1312 816 1347 III.
848 1324 884 1358 p.
919 1311 1005 1354 145.
1036 1311 1218 1348 WESS.
1259 1329 1309 1336 -
1353 1308 1473 1354 Οὕτω,
1503 1313 1580 1355 ita,-

288 1363 374 1401 scil.
394 1365 490 1401 dum
511 1379 531 1401 a
550 1366 723 1413 Micytho
744 1366 864 1402 coacti
884 1377 996 1414 opem
1017 1364 1450 1407 ferebantTarentinis;
1471 1365 1579 1414 quod

287 1417 393 1455 haud
416 1419 665 1457 incommode
680 1435 722 1457 ea
741 1423 926 1458 occasione
947 1420 1071 1457 latine
1088 1420 1197 1457 reddi
1219 1431 1326 1468 posse
1343 1420 1495 1468 putavi.
1524 1421 1582 1458 De

289 1473 386 1511 illo.
407 1492 470 1513 των
493 1475 628 1517 αστῶν,
648 1476 860 1513 videAedn.
881 1475 926 1512 ad
949 1488 979 1512 c.
1008 1476 1094 1520 15ss
1116 1479 1151 1512 8.
1181 1473 1225 1513 S·

343 1530 433 1568 Ibid.
464 1530 618 1577 οἷνοιγκκῖ
605 1529 727 1572 &sumn
747 1533 810 1569 τῶι
830 1531 927 1568 α’στα
928 1529 959 1578 v)
989 1533 1025 1567 A
1052 1522 1163 1567 Valla
1181 1531 1281 1566 bene
1300 1542 1483 1567 conversa
1504 1529 1581 1566 mi-

289 1597 481 1624 ror,cu1·
498 1598 536 1621 se
555 1586 620 1623 vir
636 1586 773 1622 doetus
793 1591 905 1636 neget
925 1586 965 1622 in
960 1586 1167 1635 telligere.
1203 1602 1265 1623 των
1291 1587 1454 1633 περιοίκων
1475 1584 1583 1628 α’·ιαγ.

290 1639 434 1683 uxoratis·
459 1641 565 1677 dixit
596 1654 628 1677 c.
654 1643 716 1677 58.
750 1644 881 1678 Venire
913 1643 1049 1686 coacti,
1065 1616 1259 1683 edente-'rom
1290 1639 1577 1686 οἷνσιγκαιξόμενοι,

288 1706 400 1731 more
415 1696 634 1740 scribendi,
650 1709 769 1744 quem
786 1697 900 1733 valde
915 1699 1056 1734 Noster
1070 1695 1289 1739 adamavit,
1307 1694 1371 1731 hic
1386 1694 1584 1732 dicuntur

291 1748 555 1797 οἷναγκκξέμενοι
574 1754 633 1789 καὶ
652 1751 863 1793 (imminuet.
891 1751 1118 1788 Tarentinis
1134 1764 1155 1787 a
1175 1750 1349 1797 Micy-tho
1365 1748 1582 1786 coacti'au-

289 1803 472 1851 xiliares,
502 1809 576 1842 tria
599 1814 673 1842 tum
695 1809 818 1843 civium
841 1809 954 1844 millia
973 1808 1194 1849 ceciderunt,
1223 1804 1382 1842 οἶπέθκνον
1405 1807 1580 1853 τρισχίλιοι

290 1857 384 1897 οὕτω.
415 1862 609 1898 Postrema
623 1875 714 1907 vox,
731 1873 843 1910 saepe
856 1863 912 1898 sic
926 1862 1106 1898 adhibita
1118 1888 1127 1905 ‚
1145 1859 1291 1897 tentari
1310 1873 1388 1896 non
1403 1859 1581 1896 debebat.

290 1915 379 1951 Non
403 1915 547 1952 definit
567 1929 785 1954 numerum
805 1929 1006 1953 caesorum
1022 1944 1032 1963 ‚
1061 1916 1214 1953 cladem
1244 1920 1374 1951 tamen
1401 1914 1582 1951 Tarenti-

290 1981 437 2006 norum
457 1972 813 2021 Rheginorumque
829 1985 901 2009 suo
921 1973 1005 2009 loco
1025 1973 1207 2010 Diodorus
1232 1975 1392 2007 enarrat
1424 1969 1499 2006 lib.
1514 1971 1579 2006 XI.

289 2035 322 2060 c.
341 2025 402 2061 52.
433 2027 644 2064 VALCK.

316 2108 321 2110 .
349 2080 395 2115 23
412 2095 483 2130 seq.
515 2082 532 2119 ὁ
559 2079 588 2120 δὲ
610 2084 792 2125 Μίκυθος
813 2082 936 2124 οἷκέτκς
956 2080 1011 2119 ἐῶν
1029 2081 1224 2125 Ἀναξίλεω,
1244 2080 1412 2128 ἐπίτροπος
1427 2075 1580 2129 Ῥηγίου)

290 2134 465 2171 Donaria
497 2137 730 2185 Olympico,
760 2148 863 2185 quae
892 2137 1089 2173 dedicavit
1118 2148 1165 2172 ex
1195 2141 1305 2180 voto,
1334 2134 1457 2171 variis
1486 2134 1583 2171 locis

289 2201 514 2227 memorans
527 2219 536 2236 ‚
550 2191 676 2228 decies
692 2191 828 2227 virum
845 2192 1046 2240 optimum
1063 2191 1227 2231 Σμίκυθον
1242 2195 1353 2226 vocat
1369 2191 1584 2235 Pausanias,

290 2244 356 2280 cui
378 2246 450 2281 lib.
474 2249 525 2284 V.
544 2247 594 2293 [c.
615 2243 696 2296 26.]
720 2260 756 2294 p.
777 2254 867 2293 447.
886 2259 933 2283 ex
954 2247 1142 2283 Herodoto
1157 2274 1165 2290 ‚
1195 2244 1316 2282 fuisse
1335 2244 1488 2281 dicitur
1512 2241 1584 2285 802⁶:-

291 2309 346 2342 λες
377 2304 435 2338 uxi
468 2304 599 2345 ταμίκς
626 2302 688 2339 τῶν
710 2300 873 2345 Ἀναξίλκ
900 2299 1109 2349 mnudi-mv:
1150 2299 1206 2336 sic
1239 2300 1409 2348 ἐπίτροπον
1431 2298 1584 2347 accepit

290 2355 487 2401 Herodoti,
517 2356 589 2405 qui
611 2358 638 2393 I.
663 2357 749 2392 108.
767 2359 994 2405 Hal-pagum
1016 2355 1157 2392 scribit
1176 2352 1310 2393 πάντων
1331 2355 1498 2403 ἐπίτροπον
1518 2354 1582 2391 τῶν

289 2407 506 2454 Ἀστυοέγεοςε
537 2411 643 2459 apud
670 2412 904 2448 recentiores
929 2410 1052 2447 isthoc
1075 2423 1148 2447 usu
1175 2421 1289 2459 saepe
1314 2422 1390 2446 vox
1418 2419 1586 2455 usurpa·

291 2472 371 2505 tur.
429 2468 489 2505 De
514 2469 627 2505 tutela
652 2467 836 2505 filiorum
859 2465 1082 2511 herilium,
1102 2477 1227 2515 quam
1255 2464 1486 2503 fidelissime
1511 2461 1588 2500 Mi-
