1718 2919
317 275 414 316 AD
457 274 1149 326 HERODOT.V.67-69.
1335 288 1382 326 71

96 381 153 425 ὖᾶς
168 398 202 420 τε
222 383 280 419 καὶ
301 379 372 419 ἔνου
393 379 468 431 (καὶ
488 378 615 430 χοίρου)
643 380 883 429 prodierunt
897 379 1043 422 Ὑᾶται,
1065 377 1224 417 ’Ortacia-xz
1245 385 1284 416 et
1305 385 1386 418 Χοι-

95 435 221 485 ρεαέτοιι.
244 437 455 473 VALCK.
485 456 536 462 —
564 435 702 473 Nimia
721 435 826 471 docti
847 434 927 472 viri
949 434 1186 479 hariolatio,
1205 435 1387 478 μετατιθεὶς

96 490 207 534 αὐτοῖς
231 489 385 533 ὀνόματα
411 489 457 528 τοὶ
483 491 688 533 γελοιότατα
710 491 852 530 ἐπέθηκε.
889 489 1050 526 Sincera
1076 495 1133 525 est
1157 495 1195 525 et
1220 489 1387 525 durabit

95 545 243 590 oratio,
261 545 375 581 modo
399 543 513 587 aziz-02,
538 544 565 580 i.
587 556 622 582 e.
642 543 752 589 μόνα,
773 544 819 582 τοὶ
838 547 1016 583 τελευταῖοι
1039 544 1169 584 ἐπέθηκε
1184 570 1194 587 ,
1225 547 1323 580 solas
1348 550 1386 580 et

95 612 175 636 non
206 599 285 636 nisi
313 602 581 636 terminationes
606 600 770 644 addidit,
799 600 1060 648 explanetur,
1088 605 1135 635 ut
1165 600 1247 635 fine
1275 611 1388 636 voca-

92 655 286 692 bulorum
300 681 310 699 ,
332 667 382 691 ne
399 654 590 690 audirent
608 653 675 697 ὕες,
708 653 790 696 ὄνοι,
813 657 940 702 χοῖροι,
961 654 1186 691 differrent.
1215 654 1279 690 Sic
1306 665 1387 690 me-

94 721 187 746 cum
211 709 382 746 sentiens
402 709 631 746 Abreschius.
661 709 845 749 WESS.
875 728 927 735 ·-—
957 710 1142 746 Potuerat
1163 710 1229 745 lin.
1247 717 1284 753 4.
1312 710 1386 746 καὶ

95 765 236 812 χοίρου
255 764 427 800 adiicere
443 764 639 812 Scriptor‚
659 763 692 800 si
711 763 914 806 libuisset;
942 776 1013 800 nec
1034 775 1127 800 vero
1140 763 1293 799 adiecto
1314 763 1388 800 hoc

94 819 286 855 vocabulo
315 819 457 868 utique
489 825 573 855 erat
595 832 713 868 opus:
746 830 872 866 quare
901 831 1032 867 quum
1064 819 1251 867 ignorent
1278 817 1386 854 illud
1445 855 1452 863 ⁸

95 872 195 909 libri
214 886 368 918 omnes⁷
390 887 468 909 non
490 875 656 910 obtrudi
673 873 814 910 debuit
833 873 1027 921 Scriptori
1050 875 1100 909 ab
1120 873 1293 911 Editore.
1322 872 1368 912 S.

155 940 195 963 11
222 942 317 978 seqq.
343 930 522 970 μετέπειτα
550 930 658 972 μέντοι
680 925 782 979 etc.)
810 930 922 977 Quae
947 929 995 964 de
1020 931 1167 965 mutatis
1195 934 1282 977 post
1303 929 1388 965 Cli-

93 982 244 1019 sthenis
262 994 459 1020 excessum
481 983 781 1020 contumeliosis
801 985 936 1028 titulis,
955 990 993 1019 et
1013 982 1201 1019 revocatis
1218 983 1388 1020 Dorien-

91 1036 200 1073 sium
229 1038 414 1074 tribuum
445 1039 680 1074 nominibus
695 1066 704 1084 ‚
736 1040 866 1074 lucem
888 1050 934 1075 ex
952 1039 1075 1088 Steph.
1094 1039 1182 1089 Byz.
1205 1037 1248 1074 in
1266 1040 1388 1082 Δυμοῖν

94 1097 134 1128 et
152 1093 295 1133 notatis
310 1094 573 1130 Hemsterhusii
590 1094 637 1129 ad
655 1093 810 1130 Comici
829 1094 934 1130 Plut.
950 1107 1003 1130 vs.
1023 1094 1113 1130 385.
1129 1099 1387 1130 mutuantur.

92 1148 275 1190 WESS.

155 1215 197 1238 12
220 1216 316 1253 seqq.
343 1203 371 1246 ἐς
388 1201 463 1245 τούς
480 1202 620 1246 Ὑλλέας
647 1206 705 1241 καὶ
725 1210 855 1247 noem.
872 1199 964 1254 etc.)
993 1203 1167 1240 Nomina
1189 1203 1386 1252 Sicyonii,

94 1256 244 1305 quibus
274 1259 535 1294 innotuerant
561 1264 653 1294 ante
679 1258 948 1303 Clisthenem.
973 1264 1104 1294 vetera
1126 1265 1387 1303 revocarunt,

94 1312 352 1349 Doriensium
373 1313 561 1348 tribubus
590 1313 790 1361 imposita.
825 1314 947 1362 Apud
965 1314 1088 1362 Steph.
1109 1315 1200 1364 Byz.
1220 1327 1304 1352 voe.
1323 1320 1389 1351 Δυ-

95 1367 167 1409 μοῒν
182 1373 459 1404 memorantur
473 1367 601 1411 Ὕλλεῖς
615 1371 673 1406 καὶ
696 1366 885 1412 Πάμφυλοι
906 1370 964 1406 καὶ
982 1371 1149 1411 Δυμοῒνεςε
1171 1370 1219 1404 de
1238 1369 1389 1417 quibus

95 1429 262 1470 egerunt
292 1425 351 1460 Ti.
373 1423 578 1459 Hemsterh.
607 1423 655 1458 ad
684 1423 803 1459 Schol.
830 1424 872 1459 in
897 1426 1017 1460 Arist.
1048 1424 1152 1459 Plut.
1184 1437 1221 1472 p.
1245 1433 1332 1468 114.
1350 1428 1389 1459 et

94 1477 215 1515 Henr.
235 1480 357 1515 Vales.
374 1477 537 1514 Emend.
556 1480 584 1514 I.
604 1490 635 1514 e.
656 1479 720 1514 52.
749 1477 812 1514 Ad
831 1478 905 1515 ista
929 1478 1004 1514 tria
1025 1485 1217 1526 quartum
1242 1491 1387 1514 nomen

95 1531 346 1577 adiecerunt,
361 1532 579 1568 secundum
600 1534 841 1578 Herodotum,
856 1535 906 1569 ab
917 1533 1079 1570 Adrasti
1103 1533 1191 1570 filio
1204 1533 1388 1583 ductum,

96 1585 289 1630 Αἰγιαλέας.
322 1586 393 1624 Sed
409 1613 418 1631 ,
441 1587 567 1635 ipsam
590 1588 755 1635 Sicyona
775 1588 922 1625 dictam
943 1587 1042 1624 olim
1066 1587 1229 1630 Αἰγιαλόν
1246 1589 1308 1625 vel
1331 1590 1389 1626 Αἰ·

96 1640 255 1685 manag,
280 1642 387 1678 testis
405 1647 461 1677 est
477 1642 605 1678 Strabo
622 1645 726 1679 VIII.
751 1656 788 1690 p.
808 1644 897 1690 587.
914 1657 950 1679 A.
971 1640 1026 1691 [p.
1049 1643 1139 1679 382.
1157 1657 1194 1679 n.
1209 1643 1269 1679 ed.
1284 1640 1389 1693 Cas.]

95 1699 135 1730 et
150 1697 350 1733 Pausanias
370 1698 418 1734 ΙΙ.
436 1692 484 1746 [c.
503 1693 556 1747 6.]
578 1710 615 1744 p.
635 1697 721 1733 125.
745 1696 835 1734 'Am‘
850 1697 968 1735 τούτου
989 1718 1005 1724 -
1022 1718 1038 1724 -
1052 1717 1071 1725 -
1093 1697 1112 1737 r?
1133 1698 1180 1739 ’γῆ
1198 1700 1383 1740 Σικυωνία,

97 1752 157 1786 καὶ
181 1750 309 1789 Σικυών
331 1750 405 1788 olm-2
431 1751 596 1793 Αἷγιεέλκς
614 1751 634 1792 ἦ
652 1749 752 1794 πόλις
770 1750 956 1794 ὠνομάσθη.
994 1753 1135 1788 Altera
1160 1764 1250 1799 pars
1281 1753 1389 1788 Pelo-

97 1805 263 1851 ponnesi
287 1805 513 1850 maritima,
534 1803 599 1843 ἴσοι
618 1806 699 1854 πρές
715 1805 880 1854 θαλάσσῃ
901 1808 960 1849 τῆς
979 1806 1139 1854 Ἀργείοις,
1161 1809 1320 1843 Pausan.
1341 1809 1387 1844 II.

95 1871 136 1906 p.
156 1860 262 1904 145„
284 1859 390 1901 Ἀκτνὶ
409 1860 635 1896 dicebatur:
658 1860 738 1896 vid.
757 1863 885 1899 lr‘Vess.
900 1861 948 1896 ad
963 1862 1117 1898 Diodori
1133 1864 1176 1899 T.
1191 1864 1219 1898 Ι.
1240 1874 1278 1910 p.
1298 1862 1390 1909 507.

97 1915 141 1950 T.
166 1917 214 1952 II.
240 1929 278 1964 p.
299 1915 409 1958 226.;
441 1914 619 1959 incolae,
647 1916 673 1952 οἱ
703 1914 760 1954 τήν
790 1913 966 1962 Ἀργολίδα
997 1915 1104 1957 οἶκτῆν
1132 1917 1302 1959 οἰκοῦντες.
1341 1919 1387 1954 In

96 1974 210 2016 parte
233 1970 551 2018 septemtrionali
576 1970 625 2005 ad
649 1970 771 2006 maris
796 1970 896 2006 litus
924 1967 1134 2021 (αἶγιαλέν)
1166 1971 1390 2008 habitantes

96 2024 244 2060 Achaei
273 2025 504 2073 pracsertim
518 2051 528 2069 9
563 2030 608 2060 ut
643 2030 757 2061 erant
770 2051 779 2065 ,
807 2025 1048 2061 dicebantur
1082 2027 1272 2068 Αἰγιαλέες,
1307 2027 1389 2064 sive

97 2078 287 2122 Αἶγιοιλῆες.
316 2081 526 2117 Nonnulla
555 2079 664 2115 dedit
683 2079 746 2117 ill.
769 2082 829 2116 Ez.
848 2081 986 2129 Spanh.
1013 2080 1061 2116 ad
1083 2081 1227 2117 Gallim.
1249 2081 1387 2129 hymn.

99 2131 146 2167 in
166 2133 253 2170 Del.
271 2147 326 2171 vs.
343 2136 406 2181 73.
435 2135 748 2171 Accommodum
773 2135 930 2171 heroico
949 2134 1082 2171 versui
1109 2148 1255 2171 nomen
1280 2136 1388 2184 apud

99 2187 230 2223 Poe'tas
244 2188 364 2225 latius
381 2189 535 2237 patuit:
559 2190 742 2226 Theocrit.
764 2189 853 2227 Eid.
871 2192 999 2227 XXV.
1023 2203 1078 2227 vs-
1098 2198 1186 2237 174.
1210 2189 1388 2234 ’Έλπσμαι

101 2239 166 2286 οὔχ
193 2239 292 2290 ἕτερον
310 2240 382 2281 τάδε
402 2243 563 2286 τλνὶμεναι
582 2243 785 2286 Αἶγιοιλῆων.
814 2247 889 2281 Ista
910 2250 1089 2293 prostant
1114 2245 1156 2280 in
1179 2247 1387 2295 Etymolog.

100 2297 154 2333 M.
178 2309 218 2343 p.
237 2299 307 2347 189
321 2324 330 2342 ‚
354 2298 387 2334 5.
418 2298 638 2347 Βασιλεύτωρ·
659 2319 675 2326 -
695 2320 712 2326 -
728 2320 746 2327 -
769 2298 975 2344 Ἀντίμαχος
1003 2300 1030 2336 ἐν
1061 2299 1177 2348 πρώτῳ
1205 2299 1384 2343 Θηβαιῖος·

102 2369 120 2377 -
136 2370 153 2377 -
173 2370 190 2377 -
213 2349 285 2388 οἰόῖ
305 2351 383 2389 ἕσαν
398 2352 624 2401 Bau-osdra&
640 2351 835 2394 αἶπαλῆωνε
868 2353 939 2389 ubi
961 2360 1206 2402 postremum
1227 2367 1386 2401 nomem

98 2404 289 2441 omissum
327 2406 370 2442 in
405 2407 500 2444 Cod.
528 2408 635 2444 Leid.
667 2413 787 2452 msto,
824 2408 973 2444 frustra
1007 2411 1185 2446 tentabat
1216 2411 1385 2460 Sylburg.

99 2459 257 2509 Corrigi
274 2460 386 2497 debet
402 2460 602 2504 Αἲγιαλῆων.
634 2465 710 2499 VA
723 2465 749 2498 L
760 2464 788 2499 C
800 2465 849 2499 K.

208 2512 352 2554 CAP·
374 2514 549 2555 LXIX.
575 2517 595 2553 6
621 2531 692 2568 seq.
724 2515 874 2566 πρότερον
899 2517 1115 2561 imao-nivem
1145 2516 1221 2555 τότε
1241 2517 1387 2556 πάντα
