1718 2919
278 231 1223 273 ADHERODOT.V11.161.162.
1313 200 1407 280 '411

116 337 276 375 mulam
304 337 385 373 lata
412 341 451 372 et
475 336 676 386 ingeniosa
700 336 972 385 disputatione
994 341 1164 373 tractans
1194 337 1359 372 Herma
1371 350 1414 371 rv-

120 407 203 429 nus
232 392 274 427 in
301 392 449 429 Adnot.
482 402 572 436 204.
598 392 646 427 ad
677 393 872 441 Viget-um,
906 393 1014 428 hunc
1043 402 1205 440 quoque
1233 392 1413 428 Herodoti

117 448 254 484 locum
282 446 442 483 citavit.
475 454 678 495 tamquam
710 448 830 484 talem
853 447 897 482 in
923 459 1003 494 quo
1027 446 1100 483 ista
1129 447 1303 490 formula
1331 457 1411 482 non

120 502 242 550 possit
261 501 545 550 interrogative
563 501 704 550 accipi.
735 501 849 550 Quod
871 508 917 538 ut
939 501 1038 540 Viro
1054 501 1281 539 doctissimo
1302 502 1413 537 ultro

117 557 295 606 largior,
323 557 380 593 sic
400 556 502 592 mihi
520 557 682 594 videtur
711 557 907 594 locutioni
937 556 1004 591 illi
1031 556 1184 604 ubique
1203 555 1412 604 primitiva

119 618 160 650 et
190 612 352 660 propria
382 612 442 648 vis
473 612 597 648 inesse
626 611 881 656 huiusmodi,
918 626 991 649 non
1019 613 1157 660 poteris
1187 612 1291 647 nimis
1317 613 1412 655 cito,

120 669 224 704 nimis
244 670 405 704 celeriter
429 667 498 703 hoc
507 666 636 714 facere
647 681 660 712 ,·
681 667 721 702 id
743 673 822 713 est,
841 681 950 717 ocyus
969 672 1008 703 et
1027 680 1132 716 quam
1150 668 1323 715 ocyssime
1345 667 1415 701 hoe

106 720 193 770 sae.
223 725 271 759 Et
287 728 344 758 est
365 723 428 758 hic
447 723 611 770 quidem
633 722 815 770 plenior,
845 734 968 770 quam
992 722 1107 766 alias,
1143 720 1316 765 locutio,
1346 720 1414 756 ad-

117 777 231 813 iectis
259 776 390 814 verbis
415 776 473 818 τνῖν
503 780 690 823 razio-rm:
718 777 833 826 quasi
865 777 1034 821 diceret,
1063 778 1203 813 etiamsi
1229 789 1334 825 quam
1362 777 1414 811 ci-

117 833 252 868 tissime
282 833 366 869 hinc
393 832 492 868 abire
523 835 790 882 properaretis‚
822 840 943 869 tamen
974 846 1048 869 non
1079 834 1183 868 nimis
1212 833 1283 867 cito
1318 830 1415 867 abie-

118 889 214 923 ritis.
243 886 315 932 S.]

177 942 214 978 6.
244 943 280 979 ἐκ
301 943 362 980 τοῦ
387 942 536 980 ἐνιαυτοῦ
560 940 600 979 ‘to'
630 940 688 991 ἐόιρ
715 942 806 991 αὐτῇ
826 942 1060 991 ἐξκραίρκται)
1090 944 1300 979 Errantem
1325 937 1415 976 Val-

117 999 192 1033 lam
218 997 386 1034 comiter
412 996 454 1032 in
481 997 589 1033 viam
622 999 660 1034 P.
695 1000 904 1046 Leopardus
932 996 1111 1041 reduxit,
1147 996 1311 1033 Emend.
1338 996 1412 1031 lib.

119 1053 223 1089 VIII.
242 1065 274 1088 c.
299 1065 331 1088 1.
359 1051 476 1088 Dicto
499 1052 680 1096 Gelonis,
707 1054 814 1101 quod
839 1052 944 1088 idem
969 1051 1274 1095 animadvertit,
1306 1052 1414 1099 pari-

118 1107 198 1142 lem
218 1133 228 1150 ,
255 1107 380 1142 immo
405 1106 704 1146 jocundiorem
735 1113 904 1155 praestat
927 1106 1165 1156 elegantiam
1186 1106 1294 1142 illud
1315 1107 1416 1142 Peri-

117 1164 182 1197 elis
204 1173 251 1197 ex
271 1163 382 1198 Orat.
404 1161 602 1198 Parentali
619 1188 628 1206 ,
648 1164 861 1199 iuventutem
880 1165 1061 1206 Atuicam,
1091 1162 1179 1198 bello
1194 1175 1260 1211 per
1261 1168 1391 1198 emtam
1404 1189 1414 1205 ,

117 1232 175 1254 Tul!
211 1232 350 1256 '1:9'nrx
382 1233 417 1254 ξκ
445 1233 505 1259 Tr}
538 1214 622 1254 πόα)
614 1233 667 1259 -ως
704 1217 905 1265 α’νῆῧῆσθαῦ,
950 1233 1053 1264 &257'29
1084 1217 1134 1254 ’ΥΟ1
1171 1215 1244 1265 ἔαρ
1274 1233 1316 1254 ἐκ
1335 1233 1410 1253 Tou

117 1270 320 1309 ἓνῑπυτοῦ
354 1271 549 1319 εἱέξοιιρεθὲ
537 1288 588 1312 -κ,
624 1272 667 1307 in
700 1275 912 1310 Aristotelis
944 1273 1106 1308 Rhetor.
1133 1274 1160 1308 I.
1187 1284 1226 1319 p.
1259 1272 1320 1307 50.
1349 1277 1412 1316 et,

116 1325 247 1361 verbis
274 1338 421 1374 parum
444 1325 631 1371 mutatis,
650 1329 715 1364 III.
738 1341 775 1375 p.
802 1328 891 1372 1514.
914 1327 973 1363 ed.
989 1327 1088 1377 sylb.
1120 1329 1303 1374 Namque
1330 1338 1411 1362 non

115 1379 296 1417 eiusdem
329 1381 437 1417 illud
466 1382 636 1418 tumoris
662 1388 784 1432 atque
810 1381 1021 1426 audaciae,
1049 1381 1113 1418 sed
1140 1381 1414 1418 translationis

115 1435 437 1481 laudatissimae,
462 1436 578 1472 cuius
603 1438 763 1474 nullam
785 1438 951 1481 merito,
971 1436 1124 1485 quippe
1142 1437 1280 1472 obviae
1297 1442 1336 1472 et
1352 1449 1415 1472 co-

115 1490 234 1539 gnitu
260 1490 480 1527 facillimae
495 1517 504 1534 ,
524 1490 785 1540 Philosophus
801 1492 1124 1540 explanationem
1144 1491 1312 1528 addidit.
1336 1493 1414 1528 No-

114 1551 196 1581 ster
213 1544 426 1590 adiunxit,
455 1546 570 1581 modo
588 1552 720 1583 tamen
741 1547 868 1595 ipsius
888 1548 980 1583 haec
1002 1546 1239 1591 declaratio,
1270 1558 1412 1583 verum

120 1600 264 1644 talem,
293 1612 396 1648 quae
414 1601 614 1637 maculam
644 1602 831 1640 Graeciae
856 1601 1040 1637 adsi-icat.
1070 1601 1177 1649 Quid
1198 1601 1334 1638 enim?
1360 1614 1412 1637 an

118 1651 214 1695 δῆλον
245 1661 348 1700 erat,
390 1655 551 1692 Gelonis
581 1657 712 1704 copias
750 1660 990 1695 Graecorum
1023 1656 1216 1692 exercitui
1252 1662 1413 1697 tantum

119 1716 336 1757 praestare,
355 1717 556 1758 quantum
575 1723 645 1748 ver
666 1712 797 1760 potius
818 1718 858 1748 et
879 1711 1059 1748 nobilius
1078 1711 1172 1747 aliis
1196 1711 1294 1748 anni
1317 1718 1415 1748 tem·

117 1765 336 1812 pestatibus
355 1771 438 1802 est?
467 1769 517 1804 Et
537 1766 633 1803 talia
653 1767 896 1804 Herodotum
913 1793 923 1811 ,
944 1769 1183 1804 Graecorum
1204 1779 1413 1803 summum

116 1819 452 1867 praedicatorem,
489 1820 637 1858 litteris
670 1822 863 1870 prodere?
903 1821 1133 1859 Doctissimi
1168 1821 1248 1859 viri
1282 1823 1413 1859 Pavius

115 1880 156 1910 et
180 1876 360 1920 Reiskius,
389 1881 436 1911 ut
459 1876 648 1913 historiae
676 1884 816 1914 auctor
842 1878 893 1913 ab
919 1888 962 1913 ea
992 1876 1177 1914 inmunis
1204 1883 1301 1914 essct
1326 1878 1416 1913 cul·

119 1941 191 1976 pa,
218 1926 349 1970 δηλοῖ
371 1929 463 1978 γάρ,
499 1932 594 1968 Gelo
619 1944 786 1981 nempe,
809 1932 1058 1969 maluerunt.
1096 1933 1199 1970 Bene
1225 1932 1412 1980 quidem,

118 1983 235 2020 modo
252 1984 466 2022 Herodotea
490 1983 634 2024 forent.
664 1990 762 2024 Puto
780 1988 843 2024 CI.
873 1989 1146 2025 Valckenarium
1170 1987 1307 2023 omnia
1334 1987 1414 2023 dis-

120 2044 384 2085 punctururn.
412 2036 547 2091 [Vide
569 2055 660 2078 mox
676 2043 783 2080 Adn.
805 2042 854 2078 ad
875 2045 940 2078 lin.
960 2043 980 2078 6
998 2039 1121 2092 seqq-J
1151 2045 1207 2080 W
1219 2043 1332 2080 ESS.
1360 2063 1411 2069 —-

175 2094 395 2132 perversam
415 2095 577 2133 videtur
592 2098 635 2133 in
652 2110 724 2134 suo
739 2097 833 2135 Cod.
847 2098 1090 2145 scripturam
1108 2097 1305 2134 invenisse
1325 2100 1416 2134 Val-

121 2149 183 2191 la,
212 2148 443 2193 ἐξαυαίνκται,
475 2156 514 2187 et
541 2152 806 2195 ἐξκυαινκμένονε
832 2152 954 2190 vertit
991 2152 1125 2197 enim,
1149 2167 1210 2189 ver
1240 2167 1282 2190 ex
1315 2166 1414 2189 anno

120 2203 175 2239 itti
191 2206 381 2241 exaruisse.
409 2207 586 2257 Hesychii
602 2207 830 2252 Ἐξοιυοιίνεται
850 2214 907 2244 est
925 2220 972 2243 ex
988 2209 1249 2256 Aristophanis
1270 2208 1413 2257 fragm.

120 2257 227 2304 apud
250 2260 392 2295 Suidam
412 2260 455 2296 in
482 2261 683 2304 Αὐκίνεται,
716 2263 789 2311 qui
816 2262 1024 2311 descripsit
1050 2262 1166 2299 istam
1197 2268 1334 2299 notam
1365 2275 1412 2299 ex

117 2312 271 2349 scholiis
292 2314 543 2361 plenioribus
564 2317 607 2355 in
627 2320 745 2354 Arist.
762 2319 863 2355 Rau.
880 2331 934 2354 vs.
958 2318 1046 2367 196.
1073 2316 1410 2365 Ἐ’ξοιροιίρκται,

121 2377 192 2414 per
211 2378 250 2403 se
269 2368 362 2404 satis
383 2375 516 2407 tutum
530 2398 540 2415 ,
560 2373 684 2421 magis
710 2373 830 2410 etiam
848 2373 1037 2410 adfirmat
1055 2372 1217 2409 Periclis
1235 2372 1389 2409 dictum
1403 2401 1415 2419 ,

119 2421 250 2469 quod,
275 2424 463 2471 Leopardo
491 2433 757 2464 memoratum
791 2427 956 2465 Emend.
992 2430 1095 2465 VIII.
1133 2440 1188 2472 ].,
1226 2440 1319 2464 cum
1350 2427 1412 2463 his

118 2476 281 2514 Gelonis
301 2488 586 2528 compararunt
605 2483 679 2520 Ios.
705 2484 846 2521 Wusse
865 2482 914 2519 ad
935 2483 1102 2532 Thucyd.
1131 2495 1216 2532 pag.
1242 2495 1254 2518 ι
1270 2485 1328 2521 18.
1344 2508 1354 2528 ,
1373 2488 1412 2520 et
