<?xml version="1.0" encoding="UTF-8"?>
<!DOCTYPE html PUBLIC "-//W3C//DTD XHTML 1.0 Transitional//EN"
    "http://www.w3.org/TR/xhtml1/DTD/xhtml1-transitional.dtd">
<html xmlns="http://www.w3.org/1999/xhtml" xml:lang="en" lang="en">
 <head>
  <title>
</title>
<meta http-equiv="Content-Type" content="text/html;charset=utf-8" />
  <meta name='ocr-system' content='tesseract 3.04.00' />
  <meta name='ocr-capabilities' content='ocr_page ocr_carea ocr_par ocr_line ocrx_word'/>
</head>
<body>
  <div class='ocr_page' id='page_1' title='image "./musaesivehistori06hero_0769.png"; bbox 0 0 1718 2919; ppageno 0'>
   <div class='ocr_carea' id='block_1_1' title="bbox 336 164 1372 212">
    <p class='ocr_par' dir='ltr' id='par_1_1' title="bbox 336 164 1372 212">
     <span class='ocr_line' id='line_1_1' title="bbox 336 164 1372 212; baseline 0.005 -5"><span class='ocrx_word' id='word_1_1' title='bbox 336 167 1111 209; x_wconf 79' lang='lat' dir='ltr'><strong>AD-VITAMHOMERI.</strong></span> <span class='ocrx_word' id='word_1_2' title='bbox 1182 164 1185 167; x_wconf 43' lang='lat'><em>&#39;</em></span> <span class='ocrx_word' id='word_1_3' title='bbox 1294 166 1372 212; x_wconf 76' lang='lat'>333</span> 
     </span>
    </p>
   </div>
   <div class='ocr_carea' id='block_1_2' title="bbox 44 268 1381 2459">
    <p class='ocr_par' dir='ltr' id='par_1_2' title="bbox 44 268 1376 482">
     <span class='ocr_line' id='line_1_2' title="bbox 83 268 1374 321; baseline 0.002 -13"><span class='ocrx_word' id='word_1_4' title='bbox 83 272 275 321; x_wconf 76' lang='lat' dir='ltr'><em>positionis</em></span> <span class='ocrx_word' id='word_1_5' title='bbox 296 272 352 313; x_wconf 80' lang='grc' dir='ltr'>ἐκ,</span> <span class='ocrx_word' id='word_1_6' title='bbox 373 274 428 308; x_wconf 82' lang='lat' dir='ltr'>vel</span> <span class='ocrx_word' id='word_1_7' title='bbox 450 273 601 307; x_wconf 83' lang='lat' dir='ltr'>nominis</span> <span class='ocrx_word' id='word_1_8' title='bbox 623 268 709 308; x_wconf 62' lang='grc' dir='ltr'>τινά.</span> <span class='ocrx_word' id='word_1_9' title='bbox 741 273 822 308; x_wconf 85' lang='grc'><strong>13111</strong></span> <span class='ocrx_word' id='word_1_10' title='bbox 845 271 1037 319; x_wconf 86' lang='lat' dir='ltr'>quoniam</span> <span class='ocrx_word' id='word_1_11' title='bbox 1058 272 1230 321; x_wconf 88' lang='lat' dir='ltr'>suspicio</span> <span class='ocrx_word' id='word_1_12' title='bbox 1247 273 1374 311; x_wconf 85' lang='lat' dir='ltr'>libera</span> 
     </span>
     <span class='ocr_line' id='line_1_3' title="bbox 85 326 1374 375; baseline 0.002 -13"><span class='ocrx_word' id='word_1_13' title='bbox 85 332 145 362; x_wconf 82' lang='lat' dir='ltr'>est</span> <span class='ocrx_word' id='word_1_14' title='bbox 174 326 327 369; x_wconf 86' lang='lat' dir='ltr'>cuivis,</span> <span class='ocrx_word' id='word_1_15' title='bbox 358 326 537 373; x_wconf 87' lang='lat' dir='ltr'>suspicor</span> <span class='ocrx_word' id='word_1_16' title='bbox 563 326 738 370; x_wconf 87' lang='lat' dir='ltr'>iterum,</span> <span class='ocrx_word' id='word_1_17' title='bbox 776 338 823 362; x_wconf 86' lang='lat' dir='ltr'>ex</span> <span class='ocrx_word' id='word_1_18' title='bbox 853 327 1016 375; x_wconf 82' lang='lat' dir='ltr'><strong><em>Ephoro,</em></strong></span> <span class='ocrx_word' id='word_1_19' title='bbox 1049 327 1122 375; x_wconf 90' lang='lat' dir='ltr'>qui</span> <span class='ocrx_word' id='word_1_20' title='bbox 1157 330 1374 365; x_wconf 82' lang='lat' dir='ltr'>Homerum</span> 
     </span>
     <span class='ocr_line' id='line_1_4' title="bbox 88 380 1376 429; baseline 0.005 -14"><span class='ocrx_word' id='word_1_21' title='bbox 88 380 351 416; x_wconf 85' lang='lat' dir='ltr'>Aeolensibus</span> <span class='ocrx_word' id='word_1_22' title='bbox 385 380 466 416; x_wconf 90' lang='lat' dir='ltr'>suis</span> <span class='ocrx_word' id='word_1_23' title='bbox 502 393 642 429; x_wconf 83' lang='lat' dir='ltr'>magno</span> <span class='ocrx_word' id='word_1_24' title='bbox 676 387 819 416; x_wconf 85' lang='lat' dir='ltr'>conatu</span> <span class='ocrx_word' id='word_1_25' title='bbox 854 381 1097 424; x_wconf 84' lang='lat' dir='ltr'>vindicavit,</span> <span class='ocrx_word' id='word_1_26' title='bbox 1140 382 1376 421; x_wconf 75' lang='lat' dir='ltr'>testificante</span> 
     </span>
     <span class='ocr_line' id='line_1_5' title="bbox 44 434 1035 482; baseline 0.003 -12"><span class='ocrx_word' id='word_1_27' title='bbox 44 448 47 452; x_wconf 72' lang='grc'>’</span> <span class='ocrx_word' id='word_1_28' title='bbox 87 440 244 482; x_wconf 82' lang='lat' dir='ltr'>praeter</span> <span class='ocrx_word' id='word_1_29' title='bbox 261 434 362 471; x_wconf 87' lang='lat' dir='ltr'>alios</span> <span class='ocrx_word' id='word_1_30' title='bbox 380 436 598 480; x_wconf 83' lang='lat' dir='ltr'>Plutarcho,</span> <span class='ocrx_word' id='word_1_31' title='bbox 618 435 712 470; x_wconf 84' lang='lat' dir='ltr'>haec</span> <span class='ocrx_word' id='word_1_32' title='bbox 731 434 876 471; x_wconf 81' lang='lat' dir='ltr'>adscita</span> <span class='ocrx_word' id='word_1_33' title='bbox 895 435 1035 473; x_wconf 89' lang='lat' dir='ltr'>videri.</span> 
     </span>
    </p>

    <p class='ocr_par' dir='ltr' id='par_1_3' title="bbox 87 486 1378 757">
     <span class='ocr_line' id='line_1_6' title="bbox 93 486 1377 538; baseline 0.004 -13"><span class='ocrx_word' id='word_1_34' title='bbox 93 515 96 518; x_wconf 84' lang='lat'>-</span> <span class='ocrx_word' id='word_1_35' title='bbox 150 490 209 526; x_wconf 79' lang='lat'>13.</span> <span class='ocrx_word' id='word_1_36' title='bbox 237 489 291 528; x_wconf 89' lang='grc' dir='ltr'>Ἐν</span> <span class='ocrx_word' id='word_1_37' title='bbox 310 488 432 532; x_wconf 71' lang='grc' dir='ltr'><strong><em>τούτοις</em></strong></span> <span class='ocrx_word' id='word_1_38' title='bbox 452 489 529 536; x_wconf 67' lang='grc' dir='ltr'>ὑπὲρ</span> <span class='ocrx_word' id='word_1_39' title='bbox 549 486 706 538; x_wconf 61' lang='grc' dir='ltr'>ὅσῷύος)</span> <span class='ocrx_word' id='word_1_40' title='bbox 732 489 905 526; x_wconf 82' lang='lat' dir='ltr'>Veritati</span> <span class='ocrx_word' id='word_1_41' title='bbox 928 490 1185 528; x_wconf 78' lang='lat' dir='ltr'>conveniunt.</span> <span class='ocrx_word' id='word_1_42' title='bbox 1211 493 1377 530; x_wconf 82' lang='lat' dir='ltr'>Valida-</span> 
     </span>
     <span class='ocr_line' id='line_1_7' title="bbox 88 544 1377 592; baseline 0.005 -13"><span class='ocrx_word' id='word_1_43' title='bbox 88 555 140 579; x_wconf 88' lang='lat' dir='ltr'>ne</span> <span class='ocrx_word' id='word_1_44' title='bbox 170 544 391 589; x_wconf 76' lang='lat' dir='ltr'>vero-sint,</span> <span class='ocrx_word' id='word_1_45' title='bbox 419 544 467 580; x_wconf 92' lang='lat' dir='ltr'>ad</span> <span class='ocrx_word' id='word_1_46' title='bbox 496 546 650 581; x_wconf 79' lang='lat' dir='ltr'>Poe‘tam</span> <span class='ocrx_word' id='word_1_47' title='bbox 680 544 905 592; x_wconf 80' lang='lat' dir='ltr'>Smyrnaeis</span> <span class='ocrx_word' id='word_1_48' title='bbox 932 552 972 581; x_wconf 87' lang='lat' dir='ltr'>et</span> <span class='ocrx_word' id='word_1_49' title='bbox 996 546 1258 584; x_wconf 87' lang='lat' dir='ltr'>Aeolensibus</span> <span class='ocrx_word' id='word_1_50' title='bbox 1278 560 1377 585; x_wconf 86' lang='lat' dir='ltr'>asse-</span> 
     </span>
     <span class='ocr_line' id='line_1_8' title="bbox 88 598 1378 645; baseline 0.004 -11"><span class='ocrx_word' id='word_1_51' title='bbox 88 599 284 644; x_wconf 81' lang='lat' dir='ltr'>rendum,</span> <span class='ocrx_word' id='word_1_52' title='bbox 305 610 363 634; x_wconf 84' lang='lat' dir='ltr'>res</span> <span class='ocrx_word' id='word_1_53' title='bbox 381 605 439 635; x_wconf 86' lang='lat' dir='ltr'>est</span> <span class='ocrx_word' id='word_1_54' title='bbox 457 598 663 641; x_wconf 79' lang='lat' dir='ltr'>diversior.</span> <span class='ocrx_word' id='word_1_55' title='bbox 691 601 763 636; x_wconf 85' lang='lat' dir='ltr'>Leo</span> <span class='ocrx_word' id='word_1_56' title='bbox 783 602 967 645; x_wconf 60' lang='lat' dir='ltr'>Allatius,</span> <span class='ocrx_word' id='word_1_57' title='bbox 996 600 1088 637; x_wconf 88' lang='lat' dir='ltr'>Chii</span> <span class='ocrx_word' id='word_1_58' title='bbox 1116 613 1209 637; x_wconf 86' lang='lat' dir='ltr'>suae</span> <span class='ocrx_word' id='word_1_59' title='bbox 1227 604 1378 640; x_wconf 86' lang='lat' dir='ltr'>studio-</span> 
     </span>
     <span class='ocr_line' id='line_1_9' title="bbox 87 653 1375 704; baseline 0.005 -15"><span class='ocrx_word' id='word_1_60' title='bbox 87 653 291 698; x_wconf 83' lang='lat' dir='ltr'>sissimus,</span> <span class='ocrx_word' id='word_1_61' title='bbox 320 653 466 689; x_wconf 74' lang='lat' dir='ltr'>callide</span> <span class='ocrx_word' id='word_1_62' title='bbox 496 653 725 699; x_wconf 81' lang='lat' dir='ltr'>infitiatur,</span> <span class='ocrx_word' id='word_1_63' title='bbox 760 655 985 690; x_wconf 83' lang='lat' dir='ltr'>rationibus</span> <span class='ocrx_word' id='word_1_64' title='bbox 1023 655 1066 691; x_wconf 85' lang='lat' dir='ltr'>in</span> <span class='ocrx_word' id='word_1_65' title='bbox 1096 656 1264 704; x_wconf 88' lang='lat' dir='ltr'>speeiem</span> <span class='ocrx_word' id='word_1_66' title='bbox 1294 671 1375 695; x_wconf 87' lang='lat' dir='ltr'>non</span> 
     </span>
     <span class='ocr_line' id='line_1_10' title="bbox 88 708 1187 757; baseline 0.004 -14"><span class='ocrx_word' id='word_1_67' title='bbox 88 708 254 744; x_wconf 88' lang='lat' dir='ltr'>insulsis</span> <span class='ocrx_word' id='word_1_68' title='bbox 271 708 501 757; x_wconf 71' lang='lat' dir='ltr'>depugnans</span> <span class='ocrx_word' id='word_1_69' title='bbox 514 735 523 753; x_wconf 94' lang='lat'>,</span> <span class='ocrx_word' id='word_1_70' title='bbox 547 709 710 746; x_wconf 84' lang='lat' dir='ltr'>Dissert.</span> <span class='ocrx_word' id='word_1_71' title='bbox 728 709 776 745; x_wconf 87' lang='lat' dir='ltr'>de</span> <span class='ocrx_word' id='word_1_72' title='bbox 793 711 896 746; x_wconf 83' lang='lat' dir='ltr'>Patr.</span> <span class='ocrx_word' id='word_1_73' title='bbox 915 710 1075 745; x_wconf 77' lang='lat' dir='ltr'><em>Homeri</em></span> <span class='ocrx_word' id='word_1_74' title='bbox 1097 723 1128 747; x_wconf 87' lang='lat' dir='ltr'>c.</span> <span class='ocrx_word' id='word_1_75' title='bbox 1153 725 1187 757; x_wconf 87' lang='lat'>7.</span> 
     </span>
    </p>

    <p class='ocr_par' dir='ltr' id='par_1_4' title="bbox 86 760 1378 1250">
     <span class='ocr_line' id='line_1_11' title="bbox 200 760 1375 812; baseline 0.001 -11"><span class='ocrx_word' id='word_1_76' title='bbox 200 760 347 801; x_wconf 79' lang='lat' dir='ltr'><em>CAP-</em></span> <span class='ocrx_word' id='word_1_77' title='bbox 365 761 655 802; x_wconf 81' lang='lat' dir='ltr'><em>XXXVIII.</em></span> <span class='ocrx_word' id='word_1_78' title='bbox 676 765 710 800; x_wconf 85' lang='lat'>8.</span> <span class='ocrx_word' id='word_1_79' title='bbox 733 766 790 801; x_wconf 75' lang='grc' dir='ltr'>καὶ</span> <span class='ocrx_word' id='word_1_80' title='bbox 809 763 991 812; x_wconf 68' lang='grc' dir='ltr'>Φρικῶτις)</span> <span class='ocrx_word' id='word_1_81' title='bbox 1019 767 1227 811; x_wconf 65' lang='lat' dir='ltr'>Herodem,</span> <span class='ocrx_word' id='word_1_82' title='bbox 1255 767 1335 803; x_wconf 77' lang='lat' dir='ltr'>sicu</span> <span class='ocrx_word' id='word_1_83' title='bbox 1346 767 1375 804; x_wconf 87' lang='lat' dir='ltr'>ti</span> 
     </span>
     <span class='ocr_line' id='line_1_12' title="bbox 90 818 1376 868; baseline 0.002 -13"><span class='ocrx_word' id='word_1_84' title='bbox 90 819 320 866; x_wconf 72' lang='lat' dir='ltr'>oportebat,</span> <span class='ocrx_word' id='word_1_85' title='bbox 351 820 558 864; x_wconf 72' lang='grc' dir='ltr'>Φρικωνὶς</span> <span class='ocrx_word' id='word_1_86' title='bbox 576 818 646 854; x_wconf 88' lang='lat' dir='ltr'>lib.</span> <span class='ocrx_word' id='word_1_87' title='bbox 674 820 700 854; x_wconf 94' lang='lat' dir='ltr'>I.</span> <span class='ocrx_word' id='word_1_88' title='bbox 733 827 820 868; x_wconf 68' lang='grc'><strong>149.</strong></span> <span class='ocrx_word' id='word_1_89' title='bbox 859 819 1003 855; x_wconf 78' lang='lat' dir='ltr'>Eadem</span> <span class='ocrx_word' id='word_1_90' title='bbox 1029 826 1068 856; x_wconf 89' lang='lat' dir='ltr'>et</span> <span class='ocrx_word' id='word_1_91' title='bbox 1092 820 1224 857; x_wconf 82' lang='lat' dir='ltr'>vicina</span> <span class='ocrx_word' id='word_1_92' title='bbox 1249 823 1376 859; x_wconf 83' lang='lat' dir='ltr'>Laris-</span> 
     </span>
     <span class='ocr_line' id='line_1_13' title="bbox 88 873 1375 924; baseline 0.003 -15"><span class='ocrx_word' id='word_1_93' title='bbox 88 885 129 909; x_wconf 80' lang='lat' dir='ltr'>sa</span> <span class='ocrx_word' id='word_1_94' title='bbox 150 873 320 910; x_wconf 83' lang='lat' dir='ltr'>Straboni</span> <span class='ocrx_word' id='word_1_95' title='bbox 347 876 517 920; x_wconf 66' lang='grc' dir='ltr'>Φρικωνές,</span> <span class='ocrx_word' id='word_1_96' title='bbox 549 873 620 910; x_wconf 84' lang='grc'><strong>111).</strong></span> <span class='ocrx_word' id='word_1_97' title='bbox 642 875 744 910; x_wconf 68' lang='lat' dir='ltr'>XIII.</span> <span class='ocrx_word' id='word_1_98' title='bbox 765 886 856 922; x_wconf 78' lang='lat' dir='ltr'>pag.</span> <span class='ocrx_word' id='word_1_99' title='bbox 878 887 969 923; x_wconf 78' lang='lat'>922.</span> <span class='ocrx_word' id='word_1_100' title='bbox 990 889 1024 911; x_wconf 78' lang='lat' dir='ltr'>B.</span> <span class='ocrx_word' id='word_1_101' title='bbox 1049 875 1160 924; x_wconf 78' lang='lat' dir='ltr'>[pag.</span> <span class='ocrx_word' id='word_1_102' title='bbox 1182 877 1226 911; x_wconf 77' lang='lat'>62</span> <span class='ocrx_word' id='word_1_103' title='bbox 1240 890 1251 911; x_wconf 89' lang='lat'>1</span> <span class='ocrx_word' id='word_1_104' title='bbox 1275 884 1375 913; x_wconf 84' lang='lat' dir='ltr'>extr.</span> 
     </span>
     <span class='ocr_line' id='line_1_14' title="bbox 86 924 1376 981; baseline 0.004 -18"><span class='ocrx_word' id='word_1_105' title='bbox 86 933 128 963; x_wconf 81' lang='lat' dir='ltr'>et</span> <span class='ocrx_word' id='word_1_106' title='bbox 151 940 229 976; x_wconf 89' lang='lat' dir='ltr'>seq.</span> <span class='ocrx_word' id='word_1_107' title='bbox 256 927 317 964; x_wconf 85' lang='lat' dir='ltr'>ed.</span> <span class='ocrx_word' id='word_1_108' title='bbox 341 924 532 976; x_wconf 86' lang='lat' dir='ltr'>Casaub.]</span> <span class='ocrx_word' id='word_1_109' title='bbox 566 930 622 964; x_wconf 77' lang='lat' dir='ltr'>Ex</span> <span class='ocrx_word' id='word_1_110' title='bbox 651 930 777 964; x_wconf 71' lang='lat' dir='ltr'>Tzetze</span> <span class='ocrx_word' id='word_1_111' title='bbox 804 928 966 976; x_wconf 81' lang='lat' dir='ltr'>quidem</span> <span class='ocrx_word' id='word_1_112' title='bbox 993 929 1035 964; x_wconf 90' lang='lat' dir='ltr'>in</span> <span class='ocrx_word' id='word_1_113' title='bbox 1066 932 1260 967; x_wconf 81' lang='lat' dir='ltr'>Hesiodum</span> <span class='ocrx_word' id='word_1_114' title='bbox 1290 945 1376 981; x_wconf 84' lang='lat' dir='ltr'>pag.</span> 
     </span>
     <span class='ocr_line' id='line_1_15' title="bbox 97 979 1378 1034; baseline 0.001 -16"><span class='ocrx_word' id='word_1_115' title='bbox 97 983 186 1027; x_wconf 78' lang='lat'>143.</span> <span class='ocrx_word' id='word_1_116' title='bbox 208 982 267 1018; x_wconf 92' lang='lat' dir='ltr'>ed.</span> <span class='ocrx_word' id='word_1_117' title='bbox 289 981 421 1018; x_wconf 83' lang='lat' dir='ltr'>Heius.</span> <span class='ocrx_word' id='word_1_118' title='bbox 442 984 487 1018; x_wconf 89' lang='lat' dir='ltr'>L.</span> <span class='ocrx_word' id='word_1_119' title='bbox 511 985 722 1019; x_wconf 79' lang='lat' dir='ltr'>Holstenius</span> <span class='ocrx_word' id='word_1_120' title='bbox 746 983 793 1019; x_wconf 84' lang='lat' dir='ltr'>ad</span> <span class='ocrx_word' id='word_1_121' title='bbox 816 983 938 1032; x_wconf 78' lang='lat' dir='ltr'>Steph.</span> <span class='ocrx_word' id='word_1_122' title='bbox 967 985 1055 1034; x_wconf 77' lang='lat' dir='ltr'><em>Byz.</em></span> <span class='ocrx_word' id='word_1_123' title='bbox 1081 979 1283 1022; x_wconf 52' lang='lat' dir='ltr'>advocavit</span> <span class='ocrx_word' id='word_1_124' title='bbox 1309 986 1378 1025; x_wconf 75' lang='lat' dir='ltr'>Kv&#39;-</span> 
     </span>
     <span class='ocr_line' id='line_1_16' title="bbox 92 1034 1375 1086; baseline 0.004 -14"><span class='ocrx_word' id='word_1_125' title='bbox 92 1052 180 1080; x_wconf 72' lang='grc' dir='ltr'><em>μκν,</em></span> <span class='ocrx_word' id='word_1_126' title='bbox 208 1035 265 1076; x_wconf 66' lang='lat' dir='ltr'>viv</span> <span class='ocrx_word' id='word_1_127' title='bbox 286 1039 337 1075; x_wconf 68' lang='grc' dir='ltr'>νῦν</span> <span class='ocrx_word' id='word_1_128' title='bbox 361 1034 543 1083; x_wconf 49' lang='lat' dir='ltr'>&amp;glutiit-1354</span> <span class='ocrx_word' id='word_1_129' title='bbox 562 1038 761 1079; x_wconf 60' lang='grc' dir='ltr'>καλουμένην</span> <span class='ocrx_word' id='word_1_130' title='bbox 775 1063 784 1079; x_wconf 89' lang='grc'><em>,</em></span> <span class='ocrx_word' id='word_1_131' title='bbox 816 1037 1099 1086; x_wconf 74' lang='lat' dir='ltr'>verissimeque</span> <span class='ocrx_word' id='word_1_132' title='bbox 1117 1040 1294 1085; x_wconf 68' lang='grc' dir='ltr'>Φρικωνίὲκ</span> <span class='ocrx_word' id='word_1_133' title='bbox 1317 1053 1375 1077; x_wconf 72' lang='lat' dir='ltr'>re·</span> 
     </span>
     <span class='ocr_line' id='line_1_17' title="bbox 89 1091 1375 1141; baseline 0.005 -14"><span class='ocrx_word' id='word_1_134' title='bbox 89 1091 262 1139; x_wconf 85' lang='lat' dir='ltr'>scripsit.</span> <span class='ocrx_word' id='word_1_135' title='bbox 300 1093 442 1128; x_wconf 76' lang='lat' dir='ltr'>Tzetzes</span> <span class='ocrx_word' id='word_1_136' title='bbox 461 1091 544 1140; x_wconf 80' lang='lat' dir='ltr'>ipse</span> <span class='ocrx_word' id='word_1_137' title='bbox 564 1092 840 1129; x_wconf 87' lang='lat' dir='ltr'>Conmentarii</span> <span class='ocrx_word' id='word_1_138' title='bbox 861 1092 1082 1141; x_wconf 79' lang='lat' dir='ltr'>principio,</span> <span class='ocrx_word' id='word_1_139' title='bbox 1107 1097 1258 1131; x_wconf 68' lang='grc' dir='ltr'>καλεῖται</span> <span class='ocrx_word' id='word_1_140' title='bbox 1277 1092 1307 1132; x_wconf 73' lang='grc' dir='ltr'>δὲ</span> <span class='ocrx_word' id='word_1_141' title='bbox 1325 1097 1375 1134; x_wconf 61' lang='grc' dir='ltr'>νῦν</span> 
     </span>
     <span class='ocr_line' id='line_1_18' title="bbox 89 1146 1370 1195; baseline 0.003 -12"><span class='ocrx_word' id='word_1_142' title='bbox 89 1148 307 1194; x_wconf 80' lang='grc' dir='ltr'><strong><em>Φρικωνίς.</em></strong></span> <span class='ocrx_word' id='word_1_143' title='bbox 354 1146 460 1182; x_wconf 84' lang='lat' dir='ltr'>Idem</span> <span class='ocrx_word' id='word_1_144' title='bbox 489 1153 527 1182; x_wconf 88' lang='lat' dir='ltr'>et</span> <span class='ocrx_word' id='word_1_145' title='bbox 557 1147 621 1182; x_wconf 83' lang='lat' dir='ltr'>hic</span> <span class='ocrx_word' id='word_1_146' title='bbox 652 1146 782 1182; x_wconf 84' lang='lat' dir='ltr'>redire</span> <span class='ocrx_word' id='word_1_147' title='bbox 818 1147 950 1193; x_wconf 85' lang='lat' dir='ltr'>debet,</span> <span class='ocrx_word' id='word_1_148' title='bbox 985 1154 1057 1184; x_wconf 88' lang='lat' dir='ltr'>aut</span> <span class='ocrx_word' id='word_1_149' title='bbox 1091 1153 1370 1195; x_wconf 77' lang='grc' dir='ltr'>Φρικωνῒτις,</span> 
     </span>
     <span class='ocr_line' id='line_1_19' title="bbox 86 1200 1090 1250; baseline 0.006 -15"><span class='ocrx_word' id='word_1_150' title='bbox 86 1200 194 1250; x_wconf 86' lang='lat' dir='ltr'>quod</span> <span class='ocrx_word' id='word_1_151' title='bbox 217 1201 258 1236; x_wconf 90' lang='lat' dir='ltr'>in</span> <span class='ocrx_word' id='word_1_152' title='bbox 280 1201 590 1250; x_wconf 79' lang='lat' dir='ltr'>Ethnicographi</span> <span class='ocrx_word' id='word_1_153' title='bbox 613 1200 729 1242; x_wconf 71' lang='grc' dir='ltr'><strong>Κύμη.</strong></span> <span class='ocrx_word' id='word_1_154' title='bbox 1085 1217 1090 1222; x_wconf 78' lang='grc'><strong>“</strong></span> 
     </span>
    </p>

    <p class='ocr_par' dir='ltr' id='par_1_5' title="bbox 84 1253 1381 2459">
     <span class='ocr_line' id='line_1_20' title="bbox 151 1253 1377 1307; baseline 0.003 -16"><span class='ocrx_word' id='word_1_155' title='bbox 151 1268 210 1294; x_wconf 92' lang='grc'>11.</span> <span class='ocrx_word' id='word_1_156' title='bbox 236 1253 315 1293; x_wconf 70' lang='grc' dir='ltr'><strong><em>ἔτεκ’</em></strong></span> <span class='ocrx_word' id='word_1_157' title='bbox 345 1257 428 1293; x_wconf 80' lang='grc' dir='ltr'><strong><em>ἐστιν</em></strong></span> <span class='ocrx_word' id='word_1_158' title='bbox 455 1254 642 1304; x_wconf 46' lang='lat' dir='ltr'>&amp;ando-m)</span> <span class='ocrx_word' id='word_1_159' title='bbox 670 1255 916 1292; x_wconf 81' lang='lat' dir='ltr'>Sententiam</span> <span class='ocrx_word' id='word_1_160' title='bbox 945 1257 1125 1293; x_wconf 77' lang='lat' dir='ltr'>Herodoti</span> <span class='ocrx_word' id='word_1_161' title='bbox 1151 1257 1198 1293; x_wconf 90' lang='lat' dir='ltr'>de</span> <span class='ocrx_word' id='word_1_162' title='bbox 1227 1264 1377 1307; x_wconf 87' lang='lat' dir='ltr'>tempo-</span> 
     </span>
     <span class='ocr_line' id='line_1_21' title="bbox 89 1310 1379 1359; baseline 0.002 -12"><span class='ocrx_word' id='word_1_163' title='bbox 89 1321 155 1356; x_wconf 81' lang='lat' dir='ltr'>re,</span> <span class='ocrx_word' id='word_1_164' title='bbox 183 1323 263 1359; x_wconf 90' lang='lat' dir='ltr'>quo</span> <span class='ocrx_word' id='word_1_165' title='bbox 297 1310 424 1346; x_wconf 84' lang='lat' dir='ltr'>fuerit</span> <span class='ocrx_word' id='word_1_166' title='bbox 446 1313 638 1348; x_wconf 82' lang='lat' dir='ltr'>Homerus</span> <span class='ocrx_word' id='word_1_167' title='bbox 656 1311 746 1347; x_wconf 71' lang='lat' dir='ltr'>lib.</span> <span class='ocrx_word' id='word_1_168' title='bbox 773 1312 818 1347; x_wconf 91' lang='grc' dir='ltr'>ΙΙ.</span> <span class='ocrx_word' id='word_1_169' title='bbox 840 1311 931 1355; x_wconf 75' lang='grc'><strong>’53.,</strong></span> <span class='ocrx_word' id='word_1_170' title='bbox 957 1312 1051 1347; x_wconf 86' lang='lat' dir='ltr'>haec</span> <span class='ocrx_word' id='word_1_171' title='bbox 1076 1312 1250 1349; x_wconf 79' lang='lat' dir='ltr'>arietant</span> <span class='ocrx_word' id='word_1_172' title='bbox 1278 1314 1379 1349; x_wconf 80' lang='lat' dir='ltr'>vali-</span> 
     </span>
     <span class='ocr_line' id='line_1_22' title="bbox 85 1365 1376 1415; baseline 0.005 -15"><span class='ocrx_word' id='word_1_173' title='bbox 85 1365 261 1401; x_wconf 83' lang='lat' dir='ltr'>dissime.</span> <span class='ocrx_word' id='word_1_174' title='bbox 286 1366 461 1414; x_wconf 85' lang='lat' dir='ltr'>Pugnam</span> <span class='ocrx_word' id='word_1_175' title='bbox 489 1365 622 1401; x_wconf 79' lang='lat' dir='ltr'>sedare</span> <span class='ocrx_word' id='word_1_176' title='bbox 650 1365 801 1401; x_wconf 84' lang='lat' dir='ltr'>illustr.</span> <span class='ocrx_word' id='word_1_177' title='bbox 823 1368 985 1415; x_wconf 80' lang='lat' dir='ltr'>Scaliger</span> <span class='ocrx_word' id='word_1_178' title='bbox 1003 1366 1051 1402; x_wconf 88' lang='lat' dir='ltr'>ad</span> <span class='ocrx_word' id='word_1_179' title='bbox 1070 1368 1207 1403; x_wconf 79' lang='lat' dir='ltr'>Eusebii</span> <span class='ocrx_word' id='word_1_180' title='bbox 1228 1369 1376 1406; x_wconf 83' lang='lat' dir='ltr'>Chron.</span> 
     </span>
     <span class='ocr_line' id='line_1_23' title="bbox 90 1419 1375 1470; baseline 0.003 -13"><span class='ocrx_word' id='word_1_181' title='bbox 90 1422 201 1457; x_wconf 83' lang='lat' dir='ltr'>Ann.</span> <span class='ocrx_word' id='word_1_182' title='bbox 240 1433 437 1457; x_wconf 70' lang='lat' dir='ltr'>moxtvnl.</span> <span class='ocrx_word' id='word_1_183' title='bbox 475 1433 560 1468; x_wconf 82' lang='lat' dir='ltr'>pag.</span> <span class='ocrx_word' id='word_1_184' title='bbox 600 1434 687 1456; x_wconf 82' lang='lat'>102.</span> <span class='ocrx_word' id='word_1_185' title='bbox 722 1421 929 1457; x_wconf 73' lang='lat' dir='ltr'>scribendo</span> <span class='ocrx_word' id='word_1_186' title='bbox 962 1419 1040 1458; x_wconf 68' lang='grc' dir='ltr'><em>ἔτεκ’</em></span> <span class='ocrx_word' id='word_1_187' title='bbox 1076 1422 1142 1459; x_wconf 77' lang='grc' dir='ltr'>ἐστι</span> <span class='ocrx_word' id='word_1_188' title='bbox 1176 1422 1375 1470; x_wconf 64' lang='grc' dir='ltr'>τετρακόσιοι</span> 
     </span>
     <span class='ocr_line' id='line_1_24' title="bbox 90 1472 1377 1524; baseline 0.002 -12"><span class='ocrx_word' id='word_1_189' title='bbox 90 1474 190 1512; x_wconf 76' lang='grc' dir='ltr'><strong><em>εἴκοσι</em></strong></span> <span class='ocrx_word' id='word_1_190' title='bbox 216 1472 295 1517; x_wconf 69' lang='grc' dir='ltr'>δύο,</span> <span class='ocrx_word' id='word_1_191' title='bbox 318 1477 408 1511; x_wconf 77' lang='lat' dir='ltr'>anni</span> <span class='ocrx_word' id='word_1_192' title='bbox 432 1477 687 1524; x_wconf 74' lang='lat' dir='ltr'>quadringenti</span> <span class='ocrx_word' id='word_1_193' title='bbox 711 1477 843 1524; x_wconf 80' lang='lat' dir='ltr'>viginti</span> <span class='ocrx_word' id='word_1_194' title='bbox 871 1477 938 1512; x_wconf 78' lang='lat' dir='ltr'>duo</span> <span class='ocrx_word' id='word_1_195' title='bbox 973 1483 1081 1521; x_wconf 79' lang='lat' dir='ltr'>sunt,</span> <span class='ocrx_word' id='word_1_196' title='bbox 1110 1476 1280 1514; x_wconf 81' lang='lat' dir='ltr'>adnixus</span> <span class='ocrx_word' id='word_1_197' title='bbox 1307 1485 1377 1515; x_wconf 82' lang='lat' dir='ltr'>est.</span> 
     </span>
     <span class='ocr_line' id='line_1_25' title="bbox 90 1529 1376 1580; baseline 0.003 -15"><span class='ocrx_word' id='word_1_198' title='bbox 90 1529 272 1577; x_wconf 83' lang='lat' dir='ltr'>Quadrat</span> <span class='ocrx_word' id='word_1_199' title='bbox 292 1529 347 1566; x_wconf 85' lang='lat' dir='ltr'>ita</span> <span class='ocrx_word' id='word_1_200' title='bbox 365 1541 629 1566; x_wconf 85' lang='lat' dir='ltr'>numerorum</span> <span class='ocrx_word' id='word_1_201' title='bbox 656 1530 771 1566; x_wconf 81' lang='lat' dir='ltr'>ratio.</span> <span class='ocrx_word' id='word_1_202' title='bbox 802 1530 1014 1567; x_wconf 78' lang='lat' dir='ltr'>Considera</span> <span class='ocrx_word' id='word_1_203' title='bbox 1032 1543 1145 1576; x_wconf 73' lang='lat' dir='ltr'>vero,</span> <span class='ocrx_word' id='word_1_204' title='bbox 1166 1532 1264 1580; x_wconf 86' lang='lat' dir='ltr'>quid</span> <span class='ocrx_word' id='word_1_205' title='bbox 1285 1546 1376 1569; x_wconf 85' lang='lat' dir='ltr'>eon-</span> 
     </span>
     <span class='ocr_line' id='line_1_26' title="bbox 89 1584 1375 1633; baseline 0.002 -13"><span class='ocrx_word' id='word_1_206' title='bbox 89 1584 203 1632; x_wconf 85' lang='lat' dir='ltr'>sequi</span> <span class='ocrx_word' id='word_1_207' title='bbox 233 1596 383 1621; x_wconf 84' lang='lat' dir='ltr'>necesse</span> <span class='ocrx_word' id='word_1_208' title='bbox 407 1585 472 1622; x_wconf 84' lang='lat' dir='ltr'>sit.</span> <span class='ocrx_word' id='word_1_209' title='bbox 515 1587 708 1621; x_wconf 85' lang='lat' dir='ltr'>Homerus</span> <span class='ocrx_word' id='word_1_210' title='bbox 738 1584 911 1633; x_wconf 83' lang='lat' dir='ltr'>primam</span> <span class='ocrx_word' id='word_1_211' title='bbox 938 1586 1070 1622; x_wconf 80' lang='lat' dir='ltr'>lucem</span> <span class='ocrx_word' id='word_1_212' title='bbox 1094 1600 1200 1623; x_wconf 86' lang='grc'><strong>311110</strong></span> <span class='ocrx_word' id='word_1_213' title='bbox 1227 1588 1277 1624; x_wconf 88' lang='lat' dir='ltr'>ab</span> <span class='ocrx_word' id='word_1_214' title='bbox 1306 1588 1375 1625; x_wconf 83' lang='lat' dir='ltr'>Ilii</span> 
     </span>
     <span class='ocr_line' id='line_1_27' title="bbox 87 1639 1381 1691; baseline 0.002 -15"><span class='ocrx_word' id='word_1_215' title='bbox 87 1639 200 1676; x_wconf 85' lang='lat' dir='ltr'>clade</span> <span class='ocrx_word' id='word_1_216' title='bbox 221 1652 381 1678; x_wconf 77' lang='lat' dir='ltr'>chvln.</span> <span class='ocrx_word' id='word_1_217' title='bbox 397 1640 594 1688; x_wconf 74' lang='lat' dir='ltr'>adspexit:</span> <span class='ocrx_word' id='word_1_218' title='bbox 622 1640 716 1675; x_wconf 86' lang='lat' dir='ltr'>inde</span> <span class='ocrx_word' id='word_1_219' title='bbox 741 1640 790 1676; x_wconf 91' lang='lat' dir='ltr'>ad</span> <span class='ocrx_word' id='word_1_220' title='bbox 811 1640 952 1677; x_wconf 80' lang='lat' dir='ltr'>Xerxis</span> <span class='ocrx_word' id='word_1_221' title='bbox 972 1641 1014 1675; x_wconf 88' lang='lat' dir='ltr'>in</span> <span class='ocrx_word' id='word_1_222' title='bbox 1038 1643 1200 1679; x_wconf 84' lang='lat' dir='ltr'>Graecos</span> <span class='ocrx_word' id='word_1_223' title='bbox 1220 1644 1381 1691; x_wconf 58' lang='lat' dir='ltr'>expedi4</span> 
     </span>
     <span class='ocr_line' id='line_1_28' title="bbox 90 1694 1378 1740; baseline 0.002 -9"><span class='ocrx_word' id='word_1_224' title='bbox 90 1694 242 1731; x_wconf 84' lang='lat' dir='ltr'>tionem</span> <span class='ocrx_word' id='word_1_225' title='bbox 266 1695 388 1740; x_wconf 81' lang='lat' dir='ltr'>anni,</span> <span class='ocrx_word' id='word_1_226' title='bbox 409 1695 442 1731; x_wconf 94' lang='lat' dir='ltr'>si</span> <span class='ocrx_word' id='word_1_227' title='bbox 466 1695 622 1731; x_wconf 78' lang='lat' dir='ltr'>stabilis</span> <span class='ocrx_word' id='word_1_228' title='bbox 640 1695 829 1731; x_wconf 84' lang='lat' dir='ltr'>correctio</span> <span class='ocrx_word' id='word_1_229' title='bbox 851 1696 1064 1739; x_wconf 82' lang='lat' dir='ltr'>manserit,</span> <span class='ocrx_word' id='word_1_230' title='bbox 1091 1710 1275 1734; x_wconf 76' lang='lat' dir='ltr'>ccccxxn.</span> <span class='ocrx_word' id='word_1_231' title='bbox 1303 1700 1378 1734; x_wconf 83' lang='lat' dir='ltr'>lta·</span> 
     </span>
     <span class='ocr_line' id='line_1_29' title="bbox 87 1750 1373 1798; baseline 0.002 -13"><span class='ocrx_word' id='word_1_232' title='bbox 87 1761 169 1798; x_wconf 87' lang='lat' dir='ltr'>que</span> <span class='ocrx_word' id='word_1_233' title='bbox 186 1761 253 1785; x_wconf 83' lang='lat' dir='ltr'>rex</span> <span class='ocrx_word' id='word_1_234' title='bbox 271 1751 380 1786; x_wconf 85' lang='lat' dir='ltr'>Persa</span> <span class='ocrx_word' id='word_1_235' title='bbox 399 1763 506 1786; x_wconf 89' lang='lat' dir='ltr'>anno</span> <span class='ocrx_word' id='word_1_236' title='bbox 524 1751 573 1786; x_wconf 89' lang='lat' dir='ltr'>ab</span> <span class='ocrx_word' id='word_1_237' title='bbox 594 1761 722 1786; x_wconf 83' lang='lat' dir='ltr'>eversa</span> <span class='ocrx_word' id='word_1_238' title='bbox 742 1750 858 1786; x_wconf 78' lang='lat' dir='ltr'>Troia</span> <span class='ocrx_word' id='word_1_239' title='bbox 878 1764 961 1787; x_wconf 79' lang='lat' dir='ltr'>Dxc.</span> <span class='ocrx_word' id='word_1_240' title='bbox 981 1751 1024 1786; x_wconf 92' lang='lat' dir='ltr'>in</span> <span class='ocrx_word' id='word_1_241' title='bbox 1044 1753 1206 1788; x_wconf 84' lang='lat' dir='ltr'>Graecos</span> <span class='ocrx_word' id='word_1_242' title='bbox 1228 1753 1373 1789; x_wconf 83' lang='lat' dir='ltr'>movit:</span> 
     </span>
     <span class='ocr_line' id='line_1_30' title="bbox 89 1804 1375 1856; baseline 0.003 -17"><span class='ocrx_word' id='word_1_243' title='bbox 89 1804 216 1841; x_wconf 82' lang='lat' dir='ltr'>movit</span> <span class='ocrx_word' id='word_1_244' title='bbox 241 1811 374 1841; x_wconf 86' lang='lat' dir='ltr'>autem</span> <span class='ocrx_word' id='word_1_245' title='bbox 404 1807 479 1841; x_wconf 87' lang='lat' dir='ltr'>sub</span> <span class='ocrx_word' id='word_1_246' title='bbox 498 1804 666 1842; x_wconf 87' lang='lat' dir='ltr'>initium</span> <span class='ocrx_word' id='word_1_247' title='bbox 695 1805 946 1854; x_wconf 82' lang='lat' dir='ltr'>Olympiadis</span> <span class='ocrx_word' id='word_1_248' title='bbox 968 1819 1078 1843; x_wconf 75' lang='lat' dir='ltr'>Lxxv.</span> <span class='ocrx_word' id='word_1_249' title='bbox 1116 1809 1215 1856; x_wconf 82' lang='lat' dir='ltr'>Ergo</span> <span class='ocrx_word' id='word_1_250' title='bbox 1243 1809 1375 1855; x_wconf 83' lang='lat' dir='ltr'>prima</span> 
     </span>
     <span class='ocr_line' id='line_1_31' title="bbox 87 1858 1376 1910; baseline 0.002 -15"><span class='ocrx_word' id='word_1_251' title='bbox 87 1859 300 1907; x_wconf 88' lang='lat' dir='ltr'>Olympias</span> <span class='ocrx_word' id='word_1_252' title='bbox 331 1859 400 1897; x_wconf 89' lang='lat' dir='ltr'>Ilii</span> <span class='ocrx_word' id='word_1_253' title='bbox 434 1858 555 1897; x_wconf 66' lang='grc' dir='ltr'>οἱλώςει</span> <span class='ocrx_word' id='word_1_254' title='bbox 581 1859 698 1896; x_wconf 84' lang='lat' dir='ltr'>annis</span> <span class='ocrx_word' id='word_1_255' title='bbox 734 1873 880 1896; x_wconf 71' lang='lat' dir='ltr'>ccxevl.</span> <span class='ocrx_word' id='word_1_256' title='bbox 914 1861 1107 1908; x_wconf 82' lang='lat' dir='ltr'>posterior</span> <span class='ocrx_word' id='word_1_257' title='bbox 1135 1868 1203 1899; x_wconf 86' lang='lat' dir='ltr'>est.</span> <span class='ocrx_word' id='word_1_258' title='bbox 1245 1863 1376 1910; x_wconf 76' lang='lat' dir='ltr'>Atqui</span> 
     </span>
     <span class='ocr_line' id='line_1_32' title="bbox 90 1914 1377 1963; baseline 0.001 -13"><span class='ocrx_word' id='word_1_259' title='bbox 90 1914 204 1950; x_wconf 88' lang='lat' dir='ltr'>urbis</span> <span class='ocrx_word' id='word_1_260' title='bbox 237 1914 324 1950; x_wconf 89' lang='lat' dir='ltr'>eius</span> <span class='ocrx_word' id='word_1_261' title='bbox 354 1915 556 1951; x_wconf 82' lang='lat' dir='ltr'>excidium</span> <span class='ocrx_word' id='word_1_262' title='bbox 585 1915 633 1950; x_wconf 90' lang='lat' dir='ltr'>de</span> <span class='ocrx_word' id='word_1_263' title='bbox 666 1917 906 1963; x_wconf 74' lang='lat' dir='ltr'>Apollodori,</span> <span class='ocrx_word' id='word_1_264' title='bbox 937 1917 1188 1953; x_wconf 77' lang='lat' dir='ltr'>Eratosthenis</span> <span class='ocrx_word' id='word_1_265' title='bbox 1216 1923 1254 1952; x_wconf 89' lang='lat' dir='ltr'>et</span> <span class='ocrx_word' id='word_1_266' title='bbox 1277 1918 1377 1953; x_wconf 84' lang='lat' dir='ltr'>alio.</span> 
     </span>
     <span class='ocr_line' id='line_1_33' title="bbox 91 1969 1376 2022; baseline 0.002 -16"><span class='ocrx_word' id='word_1_267' title='bbox 91 1980 185 2006; x_wconf 82' lang='lat' dir='ltr'>rum</span> <span class='ocrx_word' id='word_1_268' title='bbox 209 1969 376 2005; x_wconf 90' lang='lat' dir='ltr'>calculis</span> <span class='ocrx_word' id='word_1_269' title='bbox 404 1969 448 2005; x_wconf 90' lang='lat' dir='ltr'>in</span> <span class='ocrx_word' id='word_1_270' title='bbox 473 1971 523 2007; x_wconf 92' lang='lat' dir='ltr'>D.</span> <span class='ocrx_word' id='word_1_271' title='bbox 546 1971 684 2007; x_wconf 69' lang='lat' dir='ltr'>Petavii</span> <span class='ocrx_word' id='word_1_272' title='bbox 702 1971 813 2006; x_wconf 76' lang='lat' dir='ltr'>D&#39;oct.</span> <span class='ocrx_word' id='word_1_273' title='bbox 831 1972 967 2018; x_wconf 89' lang='lat' dir='ltr'>Temp.</span> <span class='ocrx_word' id='word_1_274' title='bbox 985 1973 1052 2007; x_wconf 78' lang='lat' dir='ltr'>IX.</span> <span class='ocrx_word' id='word_1_275' title='bbox 1076 1977 1138 2022; x_wconf 75' lang='lat'>29‘.</span> <span class='ocrx_word' id='word_1_276' title='bbox 1158 1972 1275 2008; x_wconf 84' lang='lat' dir='ltr'>annis</span> <span class='ocrx_word' id='word_1_277' title='bbox 1299 1973 1376 2008; x_wconf 84' lang='lat' dir='ltr'>fer-</span> 
     </span>
     <span class='ocr_line' id='line_1_34' title="bbox 90 2024 1376 2075; baseline 0.002 -15"><span class='ocrx_word' id='word_1_278' title='bbox 90 2036 155 2060; x_wconf 90' lang='lat' dir='ltr'>me</span> <span class='ocrx_word' id='word_1_279' title='bbox 173 2037 349 2061; x_wconf 86' lang='lat' dir='ltr'>ccccv111.</span> <span class='ocrx_word' id='word_1_280' title='bbox 372 2025 546 2072; x_wconf 87' lang='lat' dir='ltr'>primam</span> <span class='ocrx_word' id='word_1_281' title='bbox 567 2024 847 2072; x_wconf 78' lang='lat' dir='ltr'>Olympiadem</span> <span class='ocrx_word' id='word_1_282' title='bbox 864 2026 1099 2062; x_wconf 80' lang='lat' dir='ltr'>antevertit:</span> <span class='ocrx_word' id='word_1_283' title='bbox 1121 2039 1251 2075; x_wconf 86' lang='lat' dir='ltr'>neque</span> <span class='ocrx_word' id='word_1_284' title='bbox 1270 2027 1376 2064; x_wconf 89' lang='lat' dir='ltr'>istud</span> 
     </span>
     <span class='ocr_line' id='line_1_35' title="bbox 89 2079 1378 2129; baseline 0.002 -13"><span class='ocrx_word' id='word_1_285' title='bbox 89 2080 170 2116; x_wconf 88' lang='lat' dir='ltr'>Vir</span> <span class='ocrx_word' id='word_1_286' title='bbox 197 2080 395 2115; x_wconf 82' lang='lat' dir='ltr'>maximus</span> <span class='ocrx_word' id='word_1_287' title='bbox 409 2106 419 2124; x_wconf 74' lang='lat'>,</span> <span class='ocrx_word' id='word_1_288' title='bbox 446 2080 493 2116; x_wconf 89' lang='lat' dir='ltr'>ad</span> <span class='ocrx_word' id='word_1_289' title='bbox 514 2079 751 2116; x_wconf 78' lang='lat' dir='ltr'>inconmoda</span> <span class='ocrx_word' id='word_1_290' title='bbox 773 2080 1061 2117; x_wconf 81' lang='lat' dir='ltr'>emendationis</span> <span class='ocrx_word' id='word_1_291' title='bbox 1087 2094 1230 2129; x_wconf 86' lang='lat' dir='ltr'>parum</span> <span class='ocrx_word' id='word_1_292' title='bbox 1249 2089 1378 2118; x_wconf 82' lang='lat' dir='ltr'>atten-</span> 
     </span>
     <span class='ocr_line' id='line_1_36' title="bbox 88 2134 1377 2183; baseline 0.002 -13"><span class='ocrx_word' id='word_1_293' title='bbox 88 2139 178 2179; x_wconf 89' lang='lat' dir='ltr'>tus,</span> <span class='ocrx_word' id='word_1_294' title='bbox 206 2134 376 2183; x_wconf 83' lang='lat' dir='ltr'>negavit.</span> <span class='ocrx_word' id='word_1_295' title='bbox 403 2135 562 2171; x_wconf 85' lang='lat' dir='ltr'>Durent</span> <span class='ocrx_word' id='word_1_296' title='bbox 581 2134 748 2182; x_wconf 86' lang='lat' dir='ltr'>proinde</span> <span class='ocrx_word' id='word_1_297' title='bbox 767 2135 835 2170; x_wconf 88' lang='lat' dir='ltr'>illi</span> <span class='ocrx_word' id='word_1_298' title='bbox 861 2148 1063 2171; x_wconf 90' lang='lat' dir='ltr'>annorum</span> <span class='ocrx_word' id='word_1_299' title='bbox 1091 2137 1274 2179; x_wconf 86' lang='lat' dir='ltr'>numeri;</span> <span class='ocrx_word' id='word_1_300' title='bbox 1306 2149 1377 2173; x_wconf 88' lang='lat' dir='ltr'>nec</span> 
     </span>
     <span class='ocr_line' id='line_1_37' title="bbox 87 2188 1378 2239; baseline 0.002 -14"><span class='ocrx_word' id='word_1_301' title='bbox 87 2188 279 2234; x_wconf 77' lang='lat' dir='ltr'>termini,</span> <span class='ocrx_word' id='word_1_302' title='bbox 306 2202 328 2225; x_wconf 87' lang='lat' dir='ltr'>a</span> <span class='ocrx_word' id='word_1_303' title='bbox 350 2189 550 2237; x_wconf 85' lang='lat' dir='ltr'>Scriptore</span> <span class='ocrx_word' id='word_1_304' title='bbox 579 2189 809 2235; x_wconf 85' lang='lat' dir='ltr'>constituti,</span> <span class='ocrx_word' id='word_1_305' title='bbox 841 2198 1087 2229; x_wconf 85' lang='lat' dir='ltr'>moveantur.</span> <span class='ocrx_word' id='word_1_306' title='bbox 1127 2193 1257 2239; x_wconf 83' lang='lat' dir='ltr'>Quam</span> <span class='ocrx_word' id='word_1_307' title='bbox 1278 2202 1378 2239; x_wconf 50' lang='lat' dir='ltr'>quoa</span> 
     </span>
     <span class='ocr_line' id='line_1_38' title="bbox 86 2243 1371 2293; baseline 0.003 -13"><span class='ocrx_word' id='word_1_308' title='bbox 86 2256 167 2292; x_wconf 89' lang='lat' dir='ltr'>que</span> <span class='ocrx_word' id='word_1_309' title='bbox 184 2243 228 2279; x_wconf 89' lang='lat' dir='ltr'>in</span> <span class='ocrx_word' id='word_1_310' title='bbox 248 2249 424 2292; x_wconf 85' lang='lat' dir='ltr'>partem,</span> <span class='ocrx_word' id='word_1_311' title='bbox 441 2244 535 2280; x_wconf 88' lang='lat' dir='ltr'>aliis</span> <span class='ocrx_word' id='word_1_312' title='bbox 556 2249 686 2281; x_wconf 89' lang='lat' dir='ltr'>motus</span> <span class='ocrx_word' id='word_1_313' title='bbox 705 2246 866 2290; x_wconf 79' lang='lat' dir='ltr'>caussis,</span> <span class='ocrx_word' id='word_1_314' title='bbox 897 2246 1034 2293; x_wconf 85' lang='lat' dir='ltr'>Ampl.</span> <span class='ocrx_word' id='word_1_315' title='bbox 1057 2247 1252 2283; x_wconf 80' lang='lat' dir='ltr'>Bouherius</span> <span class='ocrx_word' id='word_1_316' title='bbox 1270 2246 1371 2284; x_wconf 81' lang='lat' dir='ltr'>Diss.</span> 
     </span>
     <span class='ocr_line' id='line_1_39' title="bbox 87 2298 1376 2345; baseline 0.001 -10"><span class='ocrx_word' id='word_1_317' title='bbox 87 2298 271 2337; x_wconf 82' lang='lat' dir='ltr'>Herodot.</span> <span class='ocrx_word' id='word_1_318' title='bbox 301 2312 334 2335; x_wconf 90' lang='grc'><strong>0.</strong></span> <span class='ocrx_word' id='word_1_319' title='bbox 352 2312 408 2336; x_wconf 73' lang='lat' dir='ltr'>xi.</span> <span class='ocrx_word' id='word_1_320' title='bbox 428 2299 638 2342; x_wconf 80' lang='lat' dir='ltr'>concessit3</span> <span class='ocrx_word' id='word_1_321' title='bbox 667 2311 808 2338; x_wconf 85' lang='lat' dir='ltr'>verum</span> <span class='ocrx_word' id='word_1_322' title='bbox 838 2299 933 2336; x_wconf 84' lang='lat' dir='ltr'>talia</span> <span class='ocrx_word' id='word_1_323' title='bbox 963 2300 1237 2345; x_wconf 75' lang='lat' dir='ltr'>machinatus,</span> <span class='ocrx_word' id='word_1_324' title='bbox 1269 2301 1376 2336; x_wconf 86' lang='lat' dir='ltr'>unde</span> 
     </span>
     <span class='ocr_line' id='line_1_40' title="bbox 84 2354 1377 2402; baseline 0 -12"><span class='ocrx_word' id='word_1_325' title='bbox 84 2354 297 2400; x_wconf 83' lang='lat' dir='ltr'>Herodoto,</span> <span class='ocrx_word' id='word_1_326' title='bbox 327 2354 433 2402; x_wconf 89' lang='lat' dir='ltr'>quod</span> <span class='ocrx_word' id='word_1_327' title='bbox 464 2355 666 2390; x_wconf 87' lang='lat' dir='ltr'>monitum</span> <span class='ocrx_word' id='word_1_328' title='bbox 686 2354 807 2399; x_wconf 75' lang='lat' dir='ltr'>alias,</span> <span class='ocrx_word' id='word_1_329' title='bbox 840 2354 955 2390; x_wconf 79' lang='lat' dir='ltr'>illata</span> <span class='ocrx_word' id='word_1_330' title='bbox 974 2355 1033 2391; x_wconf 83' lang='lat' dir='ltr'>vis</span> <span class='ocrx_word' id='word_1_331' title='bbox 1055 2354 1149 2391; x_wconf 85' lang='lat' dir='ltr'>fuit.</span> <span class='ocrx_word' id='word_1_332' title='bbox 1185 2355 1293 2402; x_wconf 86' lang='lat' dir='ltr'>Quid</span> <span class='ocrx_word' id='word_1_333' title='bbox 1312 2367 1377 2391; x_wconf 88' lang='lat' dir='ltr'>ve-</span> 
     </span>
     <span class='ocr_line' id='line_1_41' title="bbox 84 2409 1376 2459; baseline 0.001 -15"><span class='ocrx_word' id='word_1_334' title='bbox 84 2420 153 2454; x_wconf 86' lang='lat' dir='ltr'>ro,</span> <span class='ocrx_word' id='word_1_335' title='bbox 184 2409 371 2458; x_wconf 80' lang='lat' dir='ltr'>inquies,</span> <span class='ocrx_word' id='word_1_336' title='bbox 406 2410 525 2448; x_wconf 81' lang='lat' dir='ltr'>Vitae</span> <span class='ocrx_word' id='word_1_337' title='bbox 558 2410 754 2454; x_wconf 86' lang='lat' dir='ltr'>Auctore,</span> <span class='ocrx_word' id='word_1_338' title='bbox 785 2411 816 2446; x_wconf 84' lang='lat' dir='ltr'>si</span> <span class='ocrx_word' id='word_1_339' title='bbox 843 2412 950 2447; x_wconf 83' lang='lat' dir='ltr'>annis</span> <span class='ocrx_word' id='word_1_340' title='bbox 978 2412 1151 2446; x_wconf 73' lang='lat' dir='ltr'>sexcentis</span> <span class='ocrx_word' id='word_1_341' title='bbox 1183 2416 1218 2446; x_wconf 80' lang='lat' dir='ltr'>et</span> <span class='ocrx_word' id='word_1_342' title='bbox 1245 2411 1376 2459; x_wconf 76' lang='lat' dir='ltr'>viginti</span> 
     </span>
    </p>
   </div>
  </div>
 </body>
</html>
