1718 2919
309 221 359 258 66
583 218 1332 263 ADNOTATIONES

308 322 394 372 (τῶν
422 321 560 370 ἄλλων)
579 326 682 366 μίαν,
717 325 775 361 καὶ
800 325 835 362 ἐκ
862 322 980 362 τούτου
1004 324 1151 374 κρατήσῃ
1170 327 1233 363 τῶν
1255 324 1370 365 ἄλλων
1390 324 1445 366 δύο
1465 329 1605 374 Φυλᾶἷν,

306 377 419 418 λαβών
449 377 497 416 Ρ’.
527 377 632 427 ἡρώων
659 377 814 422 ὀνόματα
840 373 930 420 {Mena
965 380 1006 422 εἷς
1030 382 1178 429 Πυθίαν,
1211 382 1325 423 μαθεῖν
1341 382 1538 427 βουλόμενος
1564 385 1600 422 ἐκ

306 435 405 472 ποίων
436 432 606 477 ὅνομοίτων
634 435 766 471 καλέει-ει
794 432 855 477 τοὶς
883 433 994 478 φυλοὶς
1023 432 1065 478 0⁸:¹5
1089 436 1204 476 μέλλει
1234 437 1364 482 κτίζειν.
1395 437 1510 482 >aL-iniit
1539 438 1599 476 τᾶν

305 487 484 536 χρκσμδν,
514 492 572 527 καὶ
609 487 704 527 ε’λθών
725 487 873 537 Ἀθήνῃσι
904 490 1031 530 ἐποίησε
1065 487 1144 527 δέκα
1175 489 1308 534 Φυλοῖς,
1340 490 1395 529 ἵνα
1430 494 1512 534 καὶ,
1544 492 1600 530 ἐάν

303 541 466 583 βούληται
491 547 558 588 μία
589 546 653 582 τῶν
684 541 764 581 δέκα
789 544 984 592 τυραννῖσειι
998 572 1009 593 ,
1031 543 1081 586 μῆ
1097 542 1228 584 δύνηται
1249 549 1362 584 πεῖσαι
1381 545 1445 590 τοὶς
1463 545 1602 590 λοιπάς.

304 600 348 634 In
370 598 431 635 his
454 600 620 636 heroum
642 610 836 635 numerus
855 599 1131 645 centenarius,
1151 598 1200 638 P'.
1219 599 1261 635 in
1285 599 1321 638 1'.
1341 606 1517 645 mutato,
1546 602 1604 638 sa-

303 653 382 689 cile
414 660 540 702 posset
570 654 613 690 in
643 653 858 690 denarium
895 653 1091 697 converti;
1127 655 1190 690 sed
1227 655 1445 692 secundum
1479 657 1603 694 Schoz.

305 708 528 746 Clisthenes
548 709 709 757 Pythiae
735 709 831 746 facit
849 708 1023 757 eligendi
1045 709 1093 745 de
1115 710 1258 747 multis
1280 716 1525 758 potestatem.
1553 714 1600 749 In

304 765 499 811 proximis
525 761 616 816 [lin.
652 759 738 814 10.]
772 765 1006 807 Γελέοντος
1039 776 1182 801 nomen
1211 765 1443 803 adfirmavit
1471 768 1603 804 VVess.

303 819 347 855 in
367 819 470 857 Diss.
489 820 630 857 Herod.
647 833 686 868 p.
705 833 716 854 1
729 820 813 864 64„
833 825 878 855 ut
897 831 939 855 ea
961 819 1012 854 lis
1028 819 1155 856 decisa
1169 820 1367 858 videatur.
1382 822 1601 860 VALCK.

363 888 425 912 10.
453 871 715 924 Γελέοντος)
748 877 829 910 Hoc
861 875 902 909 in
932 874 1049 910 editis
1075 881 1167 911 ante
1194 876 1353 913 Gronov.
1387 876 1601 922 omnibus,

303 930 507 978 plerisque
528 930 650 966 etiam
668 930 832 966 schedis.
866 931 977 966 Valla
997 929 1039 965 in
1063 930 1193 978 prima
1214 930 1406 968 versionis
1425 931 1604 968 editione

301 985 573 1036 Ionisfiliorum
592 987 741 1022 Leontis
754 1013 763 1030 ,
791 985 898 1021 unde
916 997 1009 1020 eum
1031 985 1169 1034 legisse
1187 986 1362 1034 suspicio
1378 991 1455 1032 est,
1473 983 1599 1024 παίδων

301 1056 339 1081 γε
359 1043 503 1084 Λέοντος.
535 1042 593 1078 De
617 1042 746 1077 Medic.
774 1039 1006 1085 silentitim,
1036 1040 1080 1076 in
1102 1040 1215 1076 tituli
1247 1047 1401 1078 mutata
1427 1041 1602 1089 scriptu-

302 1107 345 1130 ra
375 1096 518 1144 utique
546 1096 749 1132 mirabile.
790 1098 887 1131 Puto
922 1101 1055 1131 tamen
1092 1097 1330 1139 Τελέοντος
1358 1108 1405 1132 ex
1439 1098 1527 1133 Ask.
1560 1101 1601 1133 et

301 1151 406 1188 Pass.
426 1163 616 1188 consensu
635 1150 829 1188 habuisse.
849 1147 984 1201 [Vide
1005 1152 1096 1186 Var.
1116 1147 1244 1201 Lech-j
1269 1151 1389 1199 Apud
1409 1151 1510 1187 alios
1528 1164 1601 1199 par

299 1205 512 1244 discordia.
549 1207 724 1255 Stephani
749 1207 839 1257 Byz.
863 1212 996 1243 vetera
1025 1207 1205 1254 exempla
1234 1211 1274 1241 et
1296 1207 1442 1254 scripta
1469 1207 1601 1244 Γελέω-

300 1277 351 1304 τες
370 1261 414 1297 in
438 1260 644 1309 Αἶγικόρεως.
673 1257 790 1311 [vide
813 1260 871 1296 ibi
898 1257 1101 1312 Holsten.]
1125 1263 1169 1298 In
1190 1262 1380 1298 Plutarchi
1399 1261 1535 1299 Solon.
1556 1274 1595 1310 p.

302 1329 366 1365 9¹·
395 1316 495 1353 olim
515 1314 694 1359 Γεὲέοντες,
727 1316 833 1364 quod
865 1317 914 1351 ob
941 1315 1117 1352 vicinam
1146 1323 1188 1354 A.
1214 1322 1253 1352 et
1271 1322 1312 1354 Δ.
1334 1317 1455 1353 idem.
1494 1318 1601 1353 Euri·

293 1373 391 1420 pidis
417 1372 460 1407 in
482 1377 657 1407 extrema
677 1373 770 1407 Ione
788 1372 927 1415 verba,
947 1376 988 1407 et
1005 1373 1161 1408 Pollucis
1180 1372 1283 1407 VIII.
1309 1385 1420 1421 109„
1440 1371 1484 1406 in
1506 1384 1598 1408 con-

299 1427 533 1464 troversiam
547 1432 758 1464 venerunt.
789 1428 886 1463 Guil.
904 1427 1080 1463 canterus
1096 1433 1267 1474 utraque
1278 1426 1325 1462 ad
1338 1428 1470 1464 Nostri
1489 1438 1601 1474 prae·

298 1482 495 1530 scriptum
517 1482 761 1527 conformat,
780 1484 877 1519 Nov.
891 1484 994 1518 Lect.
1011 1485 1062 1518 V.
1084 1495 1142 1532 ¹9·
1156 1509 1165 1522 .
1185 1481 1448 1518 contravenit
1462 1482 1600 1530 prohi-

298 1537 445 1586 betque
462 1538 512 1574 Is.
529 1537 760 1574 casaubonus
780 1537 828 1573 ad
847 1537 968 1574 Strab.
987 1539 1090 1574 VIII.
1114 1550 1152 1584 p.
1176 1537 1266 1572 588.
1294 1534 1369 1586 [ad
1395 1550 1480 1585 pag.
1503 1537 1597 1574 383.

298 1605 392 1629 suae
410 1588 648 1642 editionis‚]
663 1593 843 1635 Τελέοντας
866 1592 1099 1635 defendens,
1119 1604 1198 1640 qua
1218 1603 1381 1640 quoque
1395 1598 1491 1628 sunt
1511 1592 1599 1640 opi-

298 1648 420 1684 nione
436 1647 541 1684 docti
563 1649 719 1684 Pollucis
744 1647 999 1695 interpretes3
1031 1659 1161 1695 neque
1182 1646 1394 1694 plausibili
1414 1645 1600 1683 instituti.

298 1703 454 1740 ratione
471 1702 722 1740 deficiantur
738 1702 818 1739 illi.
849 1702 965 1751 Quod
984 1701 1016 1738 si
1036 1702 1145 1740 enim
1163 1709 1340 1750 quatuor
1360 1702 1432 1738 hae
1453 1701 1597 1750 populi

296 1758 424 1795 Attici
446 1764 597 1806 partes,
617 1771 697 1794 non
718 1759 768 1794 ab
784 1757 889 1794 Ionis
910 1757 1030 1802 filiis,
1056 1763 1101 1793 ut
1121 1759 1304 1806 Euripides
1330 1763 1368 1792 et
1387 1758 1598 1794 Herodotus

297 1819 560 1858 censuerunt,
578 1813 641 1850 sed
658 1826 680 1849 a
694 1813 800 1850 vitae
816 1824 976 1862 genere,
1001 1812 1105 1861 quod
1128 1812 1199 1848 uni
1220 1812 1367 1860 cuique
1388 1811 1492 1859 parti
1514 1811 1597 1848 suit

296 1869 567 1917 assignatum,
598 1868 836 1918 cognomina
864 1868 1125 1916 inpetrarunt
1151 1880 1197 1903 ex
1225 1867 1413 1903 Strabonis
1443 1873 1482 1903 et
1510 1867 1596 1903 Plu·

297 1925 418 1961 tarchi
434 1923 636 1968 doctrina,
657 1923 962 1960 conmodissime
976 1924 1144 1965 Τελέοντες
1163 1922 1478 1970 explicabuntur
1495 1937 1595 1970 γεωρ-

295 1982 368 2024 γοὶ,
386 1981 531 2024 rustici,
547 1979 596 2014 ab
615 1990 733 2027 opere
747 1985 788 2014 et
800 1978 1087 2014 collationibus
1104 1978 1144 2013 in
1164 1990 1245 2013 rem
1266 1977 1485 2025 publicam.
1515 1980 1594 2013 Ve-

296 2047 389 2071 rum
422 2046 557 2070 omnes
586 2034 653 2070 has
682 2033 933 2081 opinationes
966 2036 1131 2069 Marmor
1159 2032 1325 2080 dissipat
1359 2033 1595 2082 Cyzicenum,

296 2090 381 2126 luci
408 2090 458 2125 ab
484 2089 549 2126 ill.
568 2089 713 2125 comite
735 2090 870 2140 Caylus
894 2088 1118 2135 expositum
1138 2088 1181 2123 in
1204 2089 1346 2124 Recueil
1369 2088 1590 2136 d'Antiquit.

295 2147 399 2181 T.11.
420 2157 506 2194 pag.
528 2157 641 2189 207„
670 2144 741 2179 ubi
769 2143 988 2180 clarissime
1010 2143 1148 2179 iisdem
1178 2143 1310 2179 titulis
1330 2148 1368 2178 et
1387 2142 1488 2178 serie
1511 2143 1593 2178 fere

295 2200 430 2237 eudem
466 2204 746 2237 rEAEONTEE
762 2224 772 2240 ‚
810 2204 1036 2236 ΑΡΓΑΔΕΙΣ
1055 2226 1066 2243 ‚
1101 2203 1395 2246 AIFIKOPEIE,
1434 2202 1592 2235 OHAH·

295 2261 388 2293 ΤΕΣ
403 2280 412 2298 ‚
437 2254 566 2290 tribus
587 2254 797 2301 Cyzicenae
815 2259 1009 2301 quatuor3
1036 2253 1142 2289 haud
1166 2252 1288 2288 dubie
1310 2264 1357 2288 ex
1377 2250 1595 2299 metropoli

296 2310 434 2346 Mileto
460 2309 680 2353 derivatae,
711 2316 833 2357 atque
863 2309 911 2344 ad
940 2309 1041 2345 hanc
1071 2310 1121 2344 ab
1151 2307 1487 2352 Atheniensibus,
1517 2305 1593 2343 Mi-

299 2365 414 2401 lesiae
436 2364 615 2400 coloniae
638 2363 889 2408 auctoribus,
918 2363 1038 2399 sicuti
1070 2364 1269 2411 praeclare
1289 2374 1497 2411 generosus
1517 2363 1592 2397 Co·

297 2432 376 2456 mes
399 2420 725 2462 coiiuionslrzix'it.
764 2421 829 2456 Est
856 2418 1021 2466 quidem
1047 2419 1172 2456 Τελέων
1198 2418 1319 2454 virile
1347 2419 1453 2453 inter
1482 2415 1592 2452 Atti-

295 2487 355 2511 cos
374 2487 519 2511 nomen
532 2474 639 2522 apud
660 2477 834 2523 Apollon.
851 2475 972 2510 fflwd,
991 2476 1020 2510 Ι.
1040 2475 1120 2524 96.,
1143 2473 1249 2522 quod
1266 2500 1275 2518 7
1296 2480 1341 2509 ut
1364 2474 1429 2509 hic
1446 2471 1591 2518 valeat,
