1718 2919
336 246 1149 290 ADHERODOT.V.22.23.
1343 260 1390 288 αι

170 347 315 390 CAP.
333 348 523 388 XXIII.
543 359 579 395 Δ..
605 349 704 397 ἔτυχε
727 350 882 394 μισθδν
912 349 1065 400 δωρεῆν
1085 348 1260 398 φυλακῆς)
1290 351 1393 388 Infe-

116 405 203 442 rius
228 418 260 441 c.
286 415 372 449 124.
395 404 555 453 Μύρκινον
574 404 631 445 riv
650 403 797 443 Ἠδωνῶν
816 426 832 432 -
851 427 868 434 -
886 427 903 434 -
925 406 1018 453 παρα
1046 409 1177 453 Δαρείου
1198 403 1307 453 &meniu
1328 416 1392 443 λα·

114 458 181 501 βών
207 460 426 503 Histiaeu53
457 460 562 507 quod
582 466 620 496 et
647 460 710 496 hic
738 460 896 496 abunde
916 461 1065 496 fuisset.
1106 463 1222 497 Nunc
1250 472 1391 496 vocum

115 513 202 550 sede
214 520 364 551 mutata
378 541 388 559 ‚
404 512 504 559 ἔτυχε
522 512 650 562 Empe-rb,
671 514 785 557 μισθέν
802 516 972 559 Φυλακῖς,
987 515 1066 551 viri
1084 514 1187 551 docti
1205 516 1331 551 Pavius
1349 527 1394 551 ac

113 570 272 606 Reiskius
303 575 547 618 praeoptant.
602 565 684 619 [At
715 570 893 605 traiectio
919 571 1133 605 verborum
1163 575 1219 605 est
1248 569 1392 605 usitata

110 620 291 674 Nostr0.]
325 624 520 661 Convenit
548 623 838 660 nonnihil-hoc
872 626 1072 661 Metrodori
1100 636 1147 659 ex
1171 623 1393 673 Epigrzun„

112 678 316 727 Diophanti
336 679 594 715 Arithmetic.
614 678 687 715 lib.
706 682 758 716 V.
779 692 863 727 pag.
875 680 975 728 269.
999 678 1152 722 addito,
1174 678 1394 721 Πιστοτοίτοις

114 728 272 775 δμωεσσιν
293 733 457 779 ἐλευθερίην
480 734 537 770 καὶ
556 730 677 770 οἵπσινα
691 759 701 774 ,
723 732 870 771 Μισθ
854 750 867 771 ο
883 750 896 769 ν
916 733 1096 781 ὑπηρεσίαις.
1126 733 1306 777 Plenius,
1328 732 1391 768 sed

110 788 255 834 copula
270 787 528 836 interposita
543 788 738 837 Antigoni
755 788 908 824 dictum
924 815 933 832 ‚
953 787 1048 825 Ἀλλ’
1067 787 1147 831 ἐγω,
1166 791 1189 824 ὠ
1208 786 1392 848 μειράκιον,

115 838 333 889 ἀνδραγαθίας
365 842 400 880 ου’
431 845 664 890 πατραγαθίας
691 842 862 885 μισθον
899 844 956 879 καὶ
989 840 1148 890 δωρεας
1183 840 1316 884 δίδωμι,
1347 841 1390 877 in

110 895 209 933 Stob.
232 897 354 934 Serm.
377 899 575 934 LXXXV.
597 910 636 944 p.
661 906 751 946 497.
779 897 911 934 WES
924 897 961 934 S.

113 994 117 1000 Ι
172 963 232 988 10.
259 951 558 993 ἐγκτίσασθαι
584 951 715 1001 πᾶλιν)
736 951 902 988 Memini
918 978 927 995 5
945 948 1101 993 ξ’γκτησιν
1115 976 1126 993 ,
1148 951 1228 988 sive
1242 953 1294 986 ius
1307 964 1394 999 pos-

107 1007 301 1042 sessionum
313 1007 628 1056 adquirendarum‚
644 1018 756 1054 saepe
772 1007 814 1041 in
832 1006 1034 1042 foederum
1052 1006 1200 1042 tabulis
1214 1006 1369 1041 obviam
1384 1021 1391 1040 :

108 1058 155 1094 in
173 1060 284 1096 Thes.
308 1061 520 1097 Muratorii
554 1074 590 1108 p.
626 1075 765 1104 ΜΧΗΧ,
801 1075 832 1097 1.
857 1066 1096 1098 ΥΠΑΡΧΕΙΝ
1126 1067 1182 1098 ΔΕ
1215 1066 1392 1107 ΑΥΤΟΙΣ

109 1119 199 1153 ΓΑΣ
226 1121 306 1154 ΚΑΙ
335 1120 500 1154 ΟΙΚΙΑΣ
530 1121 798 1160 ΕΓΚΤΗΣΙΝ,
837 1115 892 1151 sie
921 1115 1122 1162 oportuit:
1151 1115 1285 1151 eadem
1315 1115 1394 1150 for-

106 1170 224 1205 mula
253 1169 296 1205 in
315 1171 548 1206 Demosthen.
571 1171 640 1206 Or.
660 1170 707 1206 de
727 1172 870 1207 Coron.
891 1183 928 1218 p.
956 1170 1041 1206 151.
1069 1167 1132 1219 [p.
1156 1170 1228 1206 265
1244 1196 1253 1214 ‚
1278 1183 1314 1216 7.
1332 1170 1392 1206 ed.

108 1221 258 1275 Reisk.]
271 1237 399 1274 neque
415 1226 592 1261 multum
607 1225 759 1261 diversa
775 1225 881 1273 apud
897 1225 1132 1273 Xenophont.
1151 1226 1241 1261 Rer.
1259 1227 1394 1261 Graec.

108 1278 184 1314 lib.
205 1283 254 1317 V.
279 1293 364 1329 pag.
388 1280 477 1316 555.
494 1295 530 1317 D.
555 1281 851 1329 Vulgatum-ne
869 1292 981 1323 vero,
1005 1292 1055 1315 an
1075 1277 1390 1321 ἐπικτήσασθαι

108 1334 329 1370 scribarum
352 1341 553 1382 peccatum
571 1335 642 1379 sit,
663 1341 796 1371 manet
816 1334 858 1370 in
879 1334 1017 1370 dubio.
1044 1336 1258 1382 Receptum
1281 1333 1394 1369 simi-

107 1388 148 1424 le
181 1389 297 1426 habet
329 1389 372 1425 in
409 1386 744 1437 ἐνστρατοπεδεύεσθαι
760 1416 770 1434 ,
812 1389 1071 1434 ἐμμαχὲσασθαι
1091 1415 1101 1432 ,
1146 1387 1390 1432 ἔμθᾶσκεσθαι,

104 1443 278 1492 aliisque
300 1444 501 1493 pluribus.
543 1445 706 1493 Elegans
734 1450 772 1480 et
793 1444 864 1480 hoc
893 1445 1012 1480 Taciti
1037 1445 1146 1480 Ann.
1167 1444 1233 1479 XI.
1261 1456 1321 1494 19.
1349 1457 1394 1479 ac

107 1512 151 1534 ne
167 1500 264 1535 iussa
281 1506 445 1535 exuerent
459 1501 734 1548 ‚praesidium
723 1514 732 1534 1
747 1513 777 1535 m
791 1513 854 1534 mu
867 1514 890 1534 n
902 1500 912 1534 i
925 1501 963 1535 vi
977 1505 1004 1534 t.
1036 1501 1095 1537 ΝΥ
1107 1498 1217 1535 ESS-

161 1553 253 1589 Ibid.
282 1552 352 1596 δούς
378 1554 672 1595 ἐγκτίσασθαι
702 1552 799 1591 πόλιν
825 1554 851 1590 ἐν
879 1549 1026 1600 Θρηίκη)
1053 1555 1192 1601 Neque
1211 1554 1388 1590 κτίσασθαι

105 1607 208 1645 alibi
234 1607 403 1644 memini
431 1620 494 1644 me
518 1609 664 1656 legere,
692 1620 821 1656 neque
840 1608 1074 1650 ἐγκτίσασθαι,
1105 1608 1200 1643 hinc
1227 1607 1269 1644 in
1290 1609 1394 1644 Porti

102 1665 199 1703 Lex.
219 1668 433 1710 receptum.
462 1662 636 1700 variant
662 1663 705 1698 in
732 1663 881 1699 talibus
904 1661 1043 1709 scripti
1068 1662 1247 1706 Codices,
1269 1667 1307 1698 et
1328 1662 1393 1697 hic

105 1717 209 1753 forte
237 1717 392 1753 dabunt
420 1718 748 1759 ἐγκτκσασθαι,
779 1729 935 1760 veram,
971 1721 1016 1751 ut
1043 1722 1234 1760 autumo,
1259 1716 1394 1752 lectio-

100 1784 211 1811 nem.
240 1773 369 1820 Quam
389 1785 411 1808 a
434 1772 557 1808 Dario
576 1772 745 1819 petierat
766 1771 896 1808 Mileti
919 1777 1113 1818 tyrannus
1132 1771 1329 1807 Histiaeus
1348 1770 1391 1807 in

104 1827 282 1865 Edonide
300 1826 519 1876 regionem,
531 1826 691 1875 Μύρκινον
704 1826 871 1870 dictam,
888 1825 1139 1873 impetravit,
1151 1829 1201 1863 V.
1221 1839 1232 1860 1
1249 1839 1300 1870 1.,
1316 1827 1394 1865 βου.

107 1880 242 1925 λᾶμενος
265 1882 293 1919 ἔν
312 1881 404 1931 αὐτῇυ
422 1880 522 1920 πόλιν
541 1884 675 1919 urio-ou:
704 1881 746 1916 in
774 1882 873 1917 urbe
901 1880 1102 1916 condenda
1129 1880 1393 1928 deprehendit

104 1942 341 1984 occupatum
360 1939 584 1986 Megabazus
597 1963 606 1981 ‚
625 1941 683 1981 et,
700 1936 947 1983 simulatque
966 1935 1102 1971 Sardes
1118 1935 1309 1979 venisset,
1327 1935 1394 1970 do-

100 1996 166 2031 ,cet
194 1992 268 2027 ille
291 1993 433 2041 Regem
456 1992 592 2027 minus
623 1991 756 2027 secisse
789 1990 1027 2038 prudenter,
1063 1990 1135 2038 qui
1165 1989 1394 2038 permiserit

104 2045 308 2082 hominem
329 2049 521 2083 Graecum
542 2046 584 2080 in
603 2045 767 2081 Thracia
793 2043 1016 2087 {varianae-9021
1036 2044 1135 2082 πόλιν
1148 2071 1157 2089 ,
1188 2045 1305 2081 urbem
1325 2045 1393 2081 sibi

95 2102 348 2150 possidendam
358 2104 596 2151 acquisivisse.
616 2103 855 2148 Frequenter
867 2099 1044 2135 occurrit
1061 2099 1104 2134 in
1119 2099 1392 2135 monumentis

107 2155 225 2191 etiam
242 2156 409 2204 lapideis
425 2154 600 2198 ἕγκτκσιςτ
624 2168 704 2203 quo
722 2167 836 2191 sensu
862 2153 1018 2189 docebit
1043 2153 1060 2192 ὅ
1085 2153 1176 2191 πάνυ
1208 2156 1267 2191 Τι’.
1282 2156 1393 2191 Hem·

103 2210 218 2246 sterh.
230 2211 277 2246 ad
291 2212 453 2262 Hesych.
466 2211 510 2246 in
528 2223 609 2247 voe.
621 2208 845 2257 Ἐμποίμμῳ,
864 2207 1063 2244 occasione
1074 2206 1388 2252 νοοίεῗΙ-Ξμποίσεις,

103 2263 152 2300 ad
168 2277 289 2312 quam
301 2265 382 2302 vid.
399 2267 508 2303 Clar.
522 2265 676 2302 Alberti.
698 2265 880 2314 Quidquid
893 2276 1064 2312 agrorum
1079 2275 1145 2299 seu
1158 2265 1295 2299 aedium
1315 2266 1392 2312 quis

104 2320 146 2355 in
163 2326 262 2356 terra
287 2320 363 2355 sibi
389 2323 517 2369 patria
539 2325 813 2367 comparatum
834 2318 1064 2367 possidebat,
1091 2330 1182 2355 voce
1212 2317 1391 2358 κτήματων

104 2373 426 2422 significabatur3
453 2373 613 2417 ἕγκτκμα
632 2376 810 2423 possessio
834 2373 1041 2408 dicebatur
1062 2375 1100 2409 in
1126 2375 1271 2422 regione
1291 2386 1394 2421 pere-

107 2430 240 2476 ἐνέγκω
267 2426 445 2472 &ymno-cg,
477 2432 528 2465 ius
557 2430 756 2466 istiusmodi
783 2428 849 2465 sibi
874 2430 1111 2476 possessionis
1145 2428 1392 2476 acquirendae.

108 2481 281 2526 Κτῆματα
299 2483 355 2520 sic
371 2490 410 2521 et
432 2483 660 2527 Ἐγκτιέματα
679 2481 896 2532 distinguit
918 2483 1108 2521 Demosth.
1129 2496 1167 2531 p.
1192 2483 1254 2520 55.
1281 2479 1313 2531 §-
1330 2491 1393 2532 49.
