<?xml version="1.0" encoding="UTF-8"?>
<!DOCTYPE html PUBLIC "-//W3C//DTD XHTML 1.0 Transitional//EN"
    "http://www.w3.org/TR/xhtml1/DTD/xhtml1-transitional.dtd">
<html xmlns="http://www.w3.org/1999/xhtml" xml:lang="en" lang="en">
 <head>
  <title>
</title>
<meta http-equiv="Content-Type" content="text/html;charset=utf-8" />
  <meta name='ocr-system' content='tesseract 3.04.00' />
  <meta name='ocr-capabilities' content='ocr_page ocr_carea ocr_par ocr_line ocrx_word'/>
</head>
<body>
  <div class='ocr_page' id='page_1' title='image "./musaesivehistori06hero_0749.png"; bbox 0 0 1718 2919; ppageno 0'>
   <div class='ocr_carea' id='block_1_1' title="bbox 293 184 1393 228">
    <p class='ocr_par' dir='ltr' id='par_1_1' title="bbox 293 184 1393 228">
     <span class='ocr_line' id='line_1_1' title="bbox 293 184 1393 228; baseline -0.001 -1"><span class='ocrx_word' id='word_1_1' title='bbox 293 189 386 227; x_wconf 81' lang='lat' dir='ltr'><strong>AD</strong></span> <span class='ocrx_word' id='word_1_2' title='bbox 430 187 816 227; x_wconf 80' lang='lat' dir='ltr'><strong>HERODOT·</strong></span> <span class='ocrx_word' id='word_1_3' title='bbox 853 186 936 227; x_wconf 86' lang='lat' dir='ltr'>IX..</span> <span class='ocrx_word' id='word_1_4' title='bbox 973 188 1190 228; x_wconf 80' lang='lat'><strong>113-116.</strong></span> <span class='ocrx_word' id='word_1_5' title='bbox 1313 184 1393 226; x_wconf 72' lang='lat'><strong>313</strong></span> 
     </span>
    </p>
   </div>
   <div class='ocr_carea' id='block_1_2' title="bbox 102 288 1400 2478">
    <p class='ocr_par' dir='ltr' id='par_1_2' title="bbox 102 288 1400 1041">
     <span class='ocr_line' id='line_1_2' title="bbox 104 288 1397 341; baseline -0.002 -12"><span class='ocrx_word' id='word_1_6' title='bbox 104 293 169 330; x_wconf 61' lang='lat'><strong>1114</strong></span> <span class='ocrx_word' id='word_1_7' title='bbox 192 305 230 341; x_wconf 88' lang='lat' dir='ltr'><strong>p.</strong></span> <span class='ocrx_word' id='word_1_8' title='bbox 255 291 366 337; x_wconf 59' lang='lat'>577„</span> <span class='ocrx_word' id='word_1_9' title='bbox 381 292 422 334; x_wconf 77' lang='grc' dir='ltr'><strong>εἷς</strong></span> <span class='ocrx_word' id='word_1_10' title='bbox 441 294 546 334; x_wconf 71' lang='grc' dir='ltr'>Φίλας</span> <span class='ocrx_word' id='word_1_11' title='bbox 560 288 723 329; x_wconf 51' lang='lat' dir='ltr'><strong>Meum.</strong></span> <span class='ocrx_word' id='word_1_12' title='bbox 742 292 923 340; x_wconf 82' lang='lat' dir='ltr'><strong>Eunapius</strong></span> <span class='ocrx_word' id='word_1_13' title='bbox 943 291 985 325; x_wconf 88' lang='lat' dir='ltr'><strong>in</strong></span> <span class='ocrx_word' id='word_1_14' title='bbox 1008 292 1200 326; x_wconf 87' lang='lat' dir='ltr'><strong>Proaeres.</strong></span> <span class='ocrx_word' id='word_1_15' title='bbox 1224 302 1261 338; x_wconf 91' lang='lat' dir='ltr'><strong>p.</strong></span> <span class='ocrx_word' id='word_1_16' title='bbox 1286 303 1298 324; x_wconf 92' lang='lat'>1</span> <span class='ocrx_word' id='word_1_17' title='bbox 1312 303 1397 336; x_wconf 57' lang='grc' dir='ltr'><strong>ρῳ,</strong></span> 
     </span>
     <span class='ocr_line' id='line_1_3' title="bbox 106 344 1397 393; baseline -0.002 -9"><span class='ocrx_word' id='word_1_18' title='bbox 106 345 253 387; x_wconf 66' lang='grc' dir='ltr'><strong>διέβαλεν</strong></span> <span class='ocrx_word' id='word_1_19' title='bbox 271 345 304 390; x_wconf 75' lang='grc' dir='ltr'><strong>ἒξ</strong></span> <span class='ocrx_word' id='word_1_20' title='bbox 323 345 438 388; x_wconf 74' lang='grc' dir='ltr'><strong><em>Ἀσίκς</em></strong></span> <span class='ocrx_word' id='word_1_21' title='bbox 455 346 497 388; x_wconf 78' lang='grc' dir='ltr'><strong>εἷς</strong></span> <span class='ocrx_word' id='word_1_22' title='bbox 518 344 574 385; x_wconf 56' lang='grc' dir='ltr'><strong>τὴν</strong></span> <span class='ocrx_word' id='word_1_23' title='bbox 593 344 759 393; x_wconf 63' lang='grc' dir='ltr'><strong>Εὐρώπην.</strong></span> <span class='ocrx_word' id='word_1_24' title='bbox 783 346 998 382; x_wconf 74' lang='lat' dir='ltr'><strong>VALCK.</strong></span> <span class='ocrx_word' id='word_1_25' title='bbox 1024 365 1074 371; x_wconf 86' lang='lat'><strong>—-</strong></span> <span class='ocrx_word' id='word_1_26' title='bbox 1106 345 1220 392; x_wconf 83' lang='lat' dir='ltr'><strong>Quod</strong></span> <span class='ocrx_word' id='word_1_27' title='bbox 1240 345 1282 380; x_wconf 85' lang='lat' dir='ltr'><strong>in</strong></span> <span class='ocrx_word' id='word_1_28' title='bbox 1306 347 1397 382; x_wconf 67' lang='lat' dir='ltr'><strong>Var-</strong></span> 
     </span>
     <span class='ocr_line' id='line_1_4' title="bbox 105 398 1396 445; baseline -0.002 -7"><span class='ocrx_word' id='word_1_29' title='bbox 105 404 209 439; x_wconf 67' lang='lat' dir='ltr'><strong>leet.</strong></span> <span class='ocrx_word' id='word_1_30' title='bbox 238 401 347 445; x_wconf 75' lang='lat' dir='ltr'><strong>dixi,</strong></span> <span class='ocrx_word' id='word_1_31' title='bbox 381 402 549 437; x_wconf 87' lang='lat' dir='ltr'><strong>verbum</strong></span> <span class='ocrx_word' id='word_1_32' title='bbox 575 398 787 443; x_wconf 72' lang='grc' dir='ltr'><em>δικβκλόντες</em></span> <span class='ocrx_word' id='word_1_33' title='bbox 816 401 853 436; x_wconf 86' lang='lat' dir='ltr'><strong>h.</strong></span> <span class='ocrx_word' id='word_1_34' title='bbox 884 401 913 437; x_wconf 92' lang='lat'><strong>1.</strong></span> <span class='ocrx_word' id='word_1_35' title='bbox 942 413 1034 436; x_wconf 89' lang='lat' dir='ltr'><strong>cum</strong></span> <span class='ocrx_word' id='word_1_36' title='bbox 1067 401 1181 436; x_wconf 78' lang='lat' dir='ltr'><strong>Arch.</strong></span> <span class='ocrx_word' id='word_1_37' title='bbox 1214 406 1396 436; x_wconf 79' lang='lat' dir='ltr'><strong>nostrum</strong></span> 
     </span>
     <span class='ocr_line' id='line_1_5' title="bbox 105 454 1400 503; baseline -0.002 -11"><span class='ocrx_word' id='word_1_38' title='bbox 105 456 227 492; x_wconf 85' lang='lat' dir='ltr'><strong>etiam</strong></span> <span class='ocrx_word' id='word_1_39' title='bbox 249 455 419 491; x_wconf 85' lang='lat' dir='ltr'>codicem</span> <span class='ocrx_word' id='word_1_40' title='bbox 437 457 478 492; x_wconf 89' lang='lat' dir='ltr'><strong>F.</strong></span> <span class='ocrx_word' id='word_1_41' title='bbox 501 454 631 498; x_wconf 81' lang='lat' dir='ltr'><strong>tueri,</strong></span> <span class='ocrx_word' id='word_1_42' title='bbox 657 455 697 490; x_wconf 91' lang='lat' dir='ltr'><strong>id</strong></span> <span class='ocrx_word' id='word_1_43' title='bbox 719 455 919 491; x_wconf 85' lang='lat' dir='ltr'><strong>indictum</strong></span> <span class='ocrx_word' id='word_1_44' title='bbox 939 454 1061 492; x_wconf 87' lang='lat' dir='ltr'><strong>velim</strong></span> <span class='ocrx_word' id='word_1_45' title='bbox 1081 470 1088 488; x_wconf 76' lang='grc' dir='ltr'><em>ι</em></span> <span class='ocrx_word' id='word_1_46' title='bbox 1113 455 1244 491; x_wconf 87' lang='lat' dir='ltr'><strong>denuo</strong></span> <span class='ocrx_word' id='word_1_47' title='bbox 1271 454 1400 503; x_wconf 83' lang='lat' dir='ltr'><strong>inspi-</strong></span> 
     </span>
     <span class='ocr_line' id='line_1_6' title="bbox 102 510 1395 559; baseline -0.002 -13"><span class='ocrx_word' id='word_1_48' title='bbox 102 511 213 548; x_wconf 79' lang='lat' dir='ltr'><strong>ciens</strong></span> <span class='ocrx_word' id='word_1_49' title='bbox 233 511 402 557; x_wconf 82' lang='lat' dir='ltr'><strong>optimas</strong></span> <span class='ocrx_word' id='word_1_50' title='bbox 422 511 532 546; x_wconf 80' lang='lat' dir='ltr'><strong>hasce</strong></span> <span class='ocrx_word' id='word_1_51' title='bbox 546 511 819 554; x_wconf 60' lang='lat' dir='ltr'><strong>membranas,</strong></span> <span class='ocrx_word' id='word_1_52' title='bbox 839 522 1014 559; x_wconf 85' lang='lat' dir='ltr'><strong>quarum</strong></span> <span class='ocrx_word' id='word_1_53' title='bbox 1036 522 1199 546; x_wconf 84' lang='lat' dir='ltr'><strong>usuram</strong></span> <span class='ocrx_word' id='word_1_54' title='bbox 1217 510 1264 546; x_wconf 87' lang='lat' dir='ltr'><strong>ad</strong></span> <span class='ocrx_word' id='word_1_55' title='bbox 1286 510 1395 545; x_wconf 90' lang='lat' dir='ltr'><strong>hunc</strong></span> 
     </span>
     <span class='ocr_line' id='line_1_7' title="bbox 107 564 1396 614; baseline -0.002 -12"><span class='ocrx_word' id='word_1_56' title='bbox 107 577 235 614; x_wconf 88' lang='lat' dir='ltr'><strong>usque</strong></span> <span class='ocrx_word' id='word_1_57' title='bbox 248 565 355 601; x_wconf 86' lang='lat' dir='ltr'><strong>diem</strong></span> <span class='ocrx_word' id='word_1_58' title='bbox 375 564 549 601; x_wconf 88' lang='lat' dir='ltr'><strong>illustris</strong></span> <span class='ocrx_word' id='word_1_59' title='bbox 579 576 769 612; x_wconf 80' lang='lat' dir='ltr'><strong>possessor</strong></span> <span class='ocrx_word' id='word_1_60' title='bbox 796 565 1023 601; x_wconf 84' lang='lat' dir='ltr'>liberaliter</span> <span class='ocrx_word' id='word_1_61' title='bbox 1052 565 1154 600; x_wconf 87' lang='lat' dir='ltr'><strong>mihi</strong></span> <span class='ocrx_word' id='word_1_62' title='bbox 1185 565 1396 607; x_wconf 85' lang='lat' dir='ltr'><strong>concessit,</strong></span> 
     </span>
     <span class='ocr_line' id='line_1_8' title="bbox 103 617 1395 668; baseline -0.002 -13"><span class='ocrx_word' id='word_1_63' title='bbox 103 620 220 658; x_wconf 85' lang='lat' dir='ltr'><strong>video</strong></span> <span class='ocrx_word' id='word_1_64' title='bbox 240 620 283 655; x_wconf 90' lang='lat' dir='ltr'><strong>in</strong></span> <span class='ocrx_word' id='word_1_65' title='bbox 302 620 389 656; x_wconf 90' lang='lat' dir='ltr'><strong>illis</strong></span> <span class='ocrx_word' id='word_1_66' title='bbox 407 617 637 660; x_wconf 63' lang='grc' dir='ltr'><em>διαβάντες</em></span> <span class='ocrx_word' id='word_1_67' title='bbox 660 621 855 668; x_wconf 85' lang='lat' dir='ltr'><strong>scriptum</strong></span> <span class='ocrx_word' id='word_1_68' title='bbox 874 647 883 665; x_wconf 96' lang='lat'><strong>,</strong></span> <span class='ocrx_word' id='word_1_69' title='bbox 915 620 975 656; x_wconf 90' lang='lat' dir='ltr'><strong>uti</strong></span> <span class='ocrx_word' id='word_1_70' title='bbox 1005 619 1048 655; x_wconf 87' lang='lat' dir='ltr'><strong>in</strong></span> <span class='ocrx_word' id='word_1_71' title='bbox 1071 620 1186 655; x_wconf 80' lang='lat' dir='ltr'><strong>aliis:</strong></span> <span class='ocrx_word' id='word_1_72' title='bbox 1215 626 1335 668; x_wconf 84' lang='lat' dir='ltr'><strong>atque</strong></span> <span class='ocrx_word' id='word_1_73' title='bbox 1354 619 1395 654; x_wconf 92' lang='lat' dir='ltr'><strong>id</strong></span> 
     </span>
     <span class='ocr_line' id='line_1_9' title="bbox 103 674 1394 724; baseline -0.001 -13"><span class='ocrx_word' id='word_1_74' title='bbox 103 682 240 711; x_wconf 68' lang='lat' dir='ltr'><strong>tenere</strong></span> <span class='ocrx_word' id='word_1_75' title='bbox 257 675 486 712; x_wconf 77' lang='lat' dir='ltr'><strong>debueram.</strong></span> <span class='ocrx_word' id='word_1_76' title='bbox 516 674 631 711; x_wconf 85' lang='lat' dir='ltr'><strong>Conf.</strong></span> <span class='ocrx_word' id='word_1_77' title='bbox 645 675 773 711; x_wconf 71' lang='lat' dir='ltr'><strong>I‘Vess.</strong></span> <span class='ocrx_word' id='word_1_78' title='bbox 792 675 898 711; x_wconf 88' lang='lat' dir='ltr'><strong>Adn.</strong></span> <span class='ocrx_word' id='word_1_79' title='bbox 915 676 961 710; x_wconf 79' lang='lat' dir='ltr'><strong>ad</strong></span> <span class='ocrx_word' id='word_1_80' title='bbox 981 677 1047 711; x_wconf 86' lang='lat' dir='ltr'><strong>IX.</strong></span> <span class='ocrx_word' id='word_1_81' title='bbox 1069 676 1117 724; x_wconf 73' lang='grc' dir='ltr'><strong>ὃς)</strong></span> <span class='ocrx_word' id='word_1_82' title='bbox 1131 700 1142 718; x_wconf 96' lang='lat'><strong>,</strong></span> <span class='ocrx_word' id='word_1_83' title='bbox 1163 683 1226 719; x_wconf 69' lang='lat'><strong>24.</strong></span> <span class='ocrx_word' id='word_1_84' title='bbox 1255 677 1394 723; x_wconf 83' lang='lat' dir='ltr'><strong>Quum</strong></span> 
     </span>
     <span class='ocr_line' id='line_1_10' title="bbox 106 727 1398 777; baseline -0.001 -11"><span class='ocrx_word' id='word_1_85' title='bbox 106 731 276 766; x_wconf 87' lang='lat' dir='ltr'><strong>verbum</strong></span> <span class='ocrx_word' id='word_1_86' title='bbox 303 727 496 776; x_wconf 53' lang='grc' dir='ltr'><strong>ὃιαβοίλλερν</strong></span> <span class='ocrx_word' id='word_1_87' title='bbox 521 731 723 774; x_wconf 77' lang='lat' dir='ltr'><strong>traiiciendi</strong></span> <span class='ocrx_word' id='word_1_88' title='bbox 753 730 915 766; x_wconf 89' lang='lat' dir='ltr'><strong>notione</strong></span> <span class='ocrx_word' id='word_1_89' title='bbox 945 730 1045 766; x_wconf 64' lang='lat' dir='ltr'><strong>alius</strong></span> <span class='ocrx_word' id='word_1_90' title='bbox 1073 729 1297 777; x_wconf 85' lang='lat' dir='ltr'><strong>frequentet</strong></span> <span class='ocrx_word' id='word_1_91' title='bbox 1325 730 1398 765; x_wconf 86' lang='lat' dir='ltr'><strong>He-</strong></span> 
     </span>
     <span class='ocr_line' id='line_1_11' title="bbox 105 782 1396 831; baseline 0 -11"><span class='ocrx_word' id='word_1_92' title='bbox 105 786 253 821; x_wconf 78' lang='lat' dir='ltr'><strong>rodotus</strong></span> <span class='ocrx_word' id='word_1_93' title='bbox 266 812 276 829; x_wconf 91' lang='lat'><em>‚</em></span> <span class='ocrx_word' id='word_1_94' title='bbox 292 784 491 831; x_wconf 81' lang='lat' dir='ltr'><strong>scriptura</strong></span> <span class='ocrx_word' id='word_1_95' title='bbox 506 785 621 820; x_wconf 78' lang='lat' dir='ltr'><strong>Arch.</strong></span> <span class='ocrx_word' id='word_1_96' title='bbox 639 782 862 828; x_wconf 70' lang='grc' dir='ltr'><strong>ὃικβαλόντοις</strong></span> <span class='ocrx_word' id='word_1_97' title='bbox 877 786 915 821; x_wconf 86' lang='lat' dir='ltr'><strong>h.</strong></span> <span class='ocrx_word' id='word_1_98' title='bbox 930 785 956 821; x_wconf 91' lang='lat' dir='ltr'><strong>l.</strong></span> <span class='ocrx_word' id='word_1_99' title='bbox 977 784 1152 820; x_wconf 87' lang='lat' dir='ltr'><strong>eiusdem</strong></span> <span class='ocrx_word' id='word_1_100' title='bbox 1172 784 1276 820; x_wconf 88' lang='lat' dir='ltr'><strong>docti</strong></span> <span class='ocrx_word' id='word_1_101' title='bbox 1293 784 1396 820; x_wconf 86' lang='lat' dir='ltr'><strong>olim</strong></span> 
     </span>
     <span class='ocr_line' id='line_1_12' title="bbox 105 838 1396 888; baseline -0.001 -13"><span class='ocrx_word' id='word_1_102' title='bbox 105 839 283 876; x_wconf 89' lang='lat' dir='ltr'><strong>hominis</strong></span> <span class='ocrx_word' id='word_1_103' title='bbox 301 838 526 875; x_wconf 70' lang='lat' dir='ltr'>industriae</span> <span class='ocrx_word' id='word_1_104' title='bbox 547 838 682 875; x_wconf 89' lang='lat' dir='ltr'><strong>deberi</strong></span> <span class='ocrx_word' id='word_1_105' title='bbox 710 839 891 884; x_wconf 87' lang='lat' dir='ltr'><strong>videtur,</strong></span> <span class='ocrx_word' id='word_1_106' title='bbox 921 839 985 875; x_wconf 88' lang='lat' dir='ltr'><strong>cui</strong></span> <span class='ocrx_word' id='word_1_107' title='bbox 1006 840 1134 875; x_wconf 82' lang='lat' dir='ltr'><strong>multa</strong></span> <span class='ocrx_word' id='word_1_108' title='bbox 1159 840 1259 884; x_wconf 87' lang='lat' dir='ltr'><strong>alia,</strong></span> <span class='ocrx_word' id='word_1_109' title='bbox 1292 851 1396 888; x_wconf 82' lang='lat' dir='ltr'><strong>quae</strong></span> 
     </span>
     <span class='ocr_line' id='line_1_13' title="bbox 105 892 1396 943; baseline 0 -14"><span class='ocrx_word' id='word_1_110' title='bbox 105 894 180 930; x_wconf 84' lang='lat' dir='ltr'><strong>ille</strong></span> <span class='ocrx_word' id='word_1_111' title='bbox 197 893 316 930; x_wconf 82' lang='lat' dir='ltr'><strong>codex</strong></span> <span class='ocrx_word' id='word_1_112' title='bbox 335 894 400 942; x_wconf 83' lang='lat' dir='ltr'><strong>(et</strong></span> <span class='ocrx_word' id='word_1_113' title='bbox 419 893 491 942; x_wconf 88' lang='lat' dir='ltr'><strong>qui</strong></span> <span class='ocrx_word' id='word_1_114' title='bbox 511 905 603 929; x_wconf 90' lang='lat' dir='ltr'><strong>eum</strong></span> <span class='ocrx_word' id='word_1_115' title='bbox 626 905 753 941; x_wconf 84' lang='lat' dir='ltr'><strong>presse</strong></span> <span class='ocrx_word' id='word_1_116' title='bbox 770 896 955 943; x_wconf 82' lang='lat' dir='ltr'><strong>sequitur</strong></span> <span class='ocrx_word' id='word_1_117' title='bbox 985 892 1118 941; x_wconf 80' lang='lat' dir='ltr'><strong>Vind.)</strong></span> <span class='ocrx_word' id='word_1_118' title='bbox 1145 894 1307 942; x_wconf 88' lang='lat' dir='ltr'><strong>propria</strong></span> <span class='ocrx_word' id='word_1_119' title='bbox 1328 894 1396 929; x_wconf 90' lang='lat' dir='ltr'><strong>ha-</strong></span> 
     </span>
     <span class='ocr_line' id='line_1_14' title="bbox 105 948 1398 998; baseline -0.002 -13"><span class='ocrx_word' id='word_1_120' title='bbox 105 950 174 985; x_wconf 82' lang='lat' dir='ltr'><strong>bet</strong></span> <span class='ocrx_word' id='word_1_121' title='bbox 188 975 198 993; x_wconf 85' lang='lat'><strong>,</strong></span> <span class='ocrx_word' id='word_1_122' title='bbox 218 955 372 997; x_wconf 84' lang='lat' dir='ltr'><strong>accepta</strong></span> <span class='ocrx_word' id='word_1_123' title='bbox 393 949 552 985; x_wconf 83' lang='lat' dir='ltr'><strong>ferenda</strong></span> <span class='ocrx_word' id='word_1_124' title='bbox 580 961 659 985; x_wconf 88' lang='lat' dir='ltr'><strong>esse</strong></span> <span class='ocrx_word' id='word_1_125' title='bbox 678 955 717 984; x_wconf 87' lang='lat' dir='ltr'><strong>et</strong></span> <span class='ocrx_word' id='word_1_126' title='bbox 733 950 889 998; x_wconf 88' lang='lat' dir='ltr'><strong>saepius</strong></span> <span class='ocrx_word' id='word_1_127' title='bbox 907 949 1006 986; x_wconf 58' lang='lat' dir='ltr'><strong>aliAs</strong></span> <span class='ocrx_word' id='word_1_128' title='bbox 1030 949 1169 985; x_wconf 86' lang='lat' dir='ltr'><strong>monui</strong></span> <span class='ocrx_word' id='word_1_129' title='bbox 1198 956 1237 985; x_wconf 87' lang='lat' dir='ltr'><strong>et</strong></span> <span class='ocrx_word' id='word_1_130' title='bbox 1265 948 1398 998; x_wconf 70' lang='lat' dir='ltr'><strong>proxi-</strong></span> 
     </span>
     <span class='ocr_line' id='line_1_15' title="bbox 106 1003 738 1041; baseline -0.002 -1"><span class='ocrx_word' id='word_1_131' title='bbox 106 1016 172 1040; x_wconf 97' lang='lat' dir='ltr'><strong>me</strong></span> <span class='ocrx_word' id='word_1_132' title='bbox 191 1003 311 1039; x_wconf 82' lang='lat' dir='ltr'><strong>etiarn</strong></span> <span class='ocrx_word' id='word_1_133' title='bbox 340 1010 431 1039; x_wconf 81' lang='lat' dir='ltr'><strong>ante</strong></span> <span class='ocrx_word' id='word_1_134' title='bbox 450 1004 664 1040; x_wconf 82' lang='lat' dir='ltr'><strong>observavi.</strong></span> <span class='ocrx_word' id='word_1_135' title='bbox 692 1003 738 1041; x_wconf 81' lang='lat' dir='ltr'><strong>S.</strong></span> 
     </span>
    </p>

    <p class='ocr_par' dir='ltr' id='par_1_3' title="bbox 102 1056 1399 2194">
     <span class='ocr_line' id='line_1_16' title="bbox 192 1056 1393 1109; baseline -0.003 -12"><span class='ocrx_word' id='word_1_136' title='bbox 192 1056 337 1097; x_wconf 85' lang='lat' dir='ltr'><em>CAP.</em></span> <span class='ocrx_word' id='word_1_137' title='bbox 358 1057 544 1098; x_wconf 76' lang='lat' dir='ltr'><em>CXVI.</em></span> <span class='ocrx_word' id='word_1_138' title='bbox 559 1059 595 1095; x_wconf 86' lang='grc'><strong>5.</strong></span> <span class='ocrx_word' id='word_1_139' title='bbox 615 1058 647 1102; x_wconf 73' lang='grc' dir='ltr'><strong>ἐξ</strong></span> <span class='ocrx_word' id='word_1_140' title='bbox 665 1058 941 1101; x_wconf 64' lang='grc' dir='ltr'><em>Ἐλαιοῦντος</em></span> <span class='ocrx_word' id='word_1_141' title='bbox 959 1057 1235 1109; x_wconf 62' lang='grc' dir='ltr'><strong>ὑφελόμενος)</strong></span> <span class='ocrx_word' id='word_1_142' title='bbox 1256 1060 1393 1107; x_wconf 85' lang='lat' dir='ltr'><strong>Quum</strong></span> 
     </span>
     <span class='ocr_line' id='line_1_17' title="bbox 104 1113 1396 1161; baseline -0.001 -11"><span class='ocrx_word' id='word_1_143' title='bbox 104 1115 261 1150; x_wconf 88' lang='lat' dir='ltr'><strong>Xerxen</strong></span> <span class='ocrx_word' id='word_1_144' title='bbox 277 1114 543 1150; x_wconf 87' lang='lat' dir='ltr'><strong>circumvenit</strong></span> <span class='ocrx_word' id='word_1_145' title='bbox 561 1116 764 1161; x_wconf 76' lang='lat' dir='ltr'><strong>Artayctes</strong></span> <span class='ocrx_word' id='word_1_146' title='bbox 776 1140 785 1158; x_wconf 76' lang='lat'><strong>,</strong></span> <span class='ocrx_word' id='word_1_147' title='bbox 805 1114 984 1150; x_wconf 88' lang='lat' dir='ltr'><strong>nondum</strong></span> <span class='ocrx_word' id='word_1_148' title='bbox 1006 1113 1085 1148; x_wconf 85' lang='lat' dir='ltr'><strong>dici</strong></span> <span class='ocrx_word' id='word_1_149' title='bbox 1103 1119 1255 1161; x_wconf 88' lang='lat' dir='ltr'><strong>poterat</strong></span> <span class='ocrx_word' id='word_1_150' title='bbox 1269 1115 1396 1149; x_wconf 88' lang='lat' dir='ltr'><strong>Prote-</strong></span> 
     </span>
     <span class='ocr_line' id='line_1_18' title="bbox 105 1166 1395 1217; baseline 0 -13"><span class='ocrx_word' id='word_1_151' title='bbox 105 1168 198 1204; x_wconf 86' lang='lat' dir='ltr'><strong>silai</strong></span> <span class='ocrx_word' id='word_1_152' title='bbox 213 1166 258 1206; x_wconf 70' lang='grc' dir='ltr'><strong>τοὶ</strong></span> <span class='ocrx_word' id='word_1_153' title='bbox 278 1167 441 1216; x_wconf 68' lang='grc' dir='ltr'><strong>χρήματα</strong></span> <span class='ocrx_word' id='word_1_154' title='bbox 460 1167 676 1211; x_wconf 52' lang='lat' dir='ltr'><strong>§maim-mg:</strong></span> <span class='ocrx_word' id='word_1_155' title='bbox 698 1169 767 1204; x_wconf 88' lang='lat' dir='ltr'><strong>hoc</strong></span> <span class='ocrx_word' id='word_1_156' title='bbox 785 1169 921 1217; x_wconf 80' lang='lat' dir='ltr'><strong>itaque</strong></span> <span class='ocrx_word' id='word_1_157' title='bbox 939 1180 959 1204; x_wconf 91' lang='lat' dir='ltr'><strong>e</strong></span> <span class='ocrx_word' id='word_1_158' title='bbox 975 1169 1232 1216; x_wconf 84' lang='lat' dir='ltr'><strong>sequentibus</strong></span> <span class='ocrx_word' id='word_1_159' title='bbox 1254 1169 1332 1204; x_wconf 86' lang='lat' dir='ltr'><strong>huc</strong></span> <span class='ocrx_word' id='word_1_160' title='bbox 1345 1169 1395 1204; x_wconf 83' lang='lat' dir='ltr'><strong>ab</strong></span> 
     </span>
     <span class='ocr_line' id='line_1_19' title="bbox 103 1222 1395 1271; baseline 0 -13"><span class='ocrx_word' id='word_1_161' title='bbox 103 1222 185 1259; x_wconf 86' lang='lat' dir='ltr'><strong>alia</strong></span> <span class='ocrx_word' id='word_1_162' title='bbox 208 1236 331 1259; x_wconf 87' lang='lat' dir='ltr'><strong>manu</strong></span> <span class='ocrx_word' id='word_1_163' title='bbox 360 1223 522 1260; x_wconf 89' lang='lat' dir='ltr'><strong>videtur</strong></span> <span class='ocrx_word' id='word_1_164' title='bbox 546 1223 732 1265; x_wconf 74' lang='lat' dir='ltr'><strong>illatun13</strong></span> <span class='ocrx_word' id='word_1_165' title='bbox 759 1226 809 1259; x_wconf 84' lang='lat' dir='ltr'><strong>ab</strong></span> <span class='ocrx_word' id='word_1_166' title='bbox 832 1224 1017 1260; x_wconf 79' lang='lat' dir='ltr'><strong>Herodoto</strong></span> <span class='ocrx_word' id='word_1_167' title='bbox 1043 1232 1176 1259; x_wconf 83' lang='lat' dir='ltr'><strong>autem</strong></span> <span class='ocrx_word' id='word_1_168' title='bbox 1198 1223 1395 1271; x_wconf 82' lang='lat' dir='ltr'><strong>seriptum</strong></span> 
     </span>
     <span class='ocr_line' id='line_1_20' title="bbox 108 1277 1396 1321; baseline 0.001 -7"><span class='ocrx_word' id='word_1_169' title='bbox 108 1278 322 1321; x_wconf 61' lang='grc' dir='ltr'><em>αι’τνὶσαζ,</em></span> <span class='ocrx_word' id='word_1_170' title='bbox 348 1279 476 1314; x_wconf 83' lang='lat' dir='ltr'><strong>Vallae</strong></span> <span class='ocrx_word' id='word_1_171' title='bbox 496 1279 644 1314; x_wconf 87' lang='lat' dir='ltr'><strong>lectum</strong></span> <span class='ocrx_word' id='word_1_172' title='bbox 660 1305 670 1312; x_wconf 89' lang='lat'><strong>.</strong></span> <span class='ocrx_word' id='word_1_173' title='bbox 689 1277 756 1314; x_wconf 75' lang='lat' dir='ltr'><strong>&lt;lat</strong></span> <span class='ocrx_word' id='word_1_174' title='bbox 772 1280 889 1316; x_wconf 80' lang='lat' dir='ltr'><strong>Arch.</strong></span> <span class='ocrx_word' id='word_1_175' title='bbox 917 1282 1068 1316; x_wconf 61' lang='lat' dir='ltr'><strong>Nomen</strong></span> <span class='ocrx_word' id='word_1_176' title='bbox 1095 1278 1206 1314; x_wconf 82' lang='lat' dir='ltr'><strong>urbis</strong></span> <span class='ocrx_word' id='word_1_177' title='bbox 1233 1279 1396 1314; x_wconf 86' lang='lat' dir='ltr'><strong>Cherso-</strong></span> 
     </span>
     <span class='ocr_line' id='line_1_21' title="bbox 107 1332 1394 1375; baseline -0.001 -7"><span class='ocrx_word' id='word_1_178' title='bbox 107 1332 191 1368; x_wconf 88' lang='lat' dir='ltr'><strong>nesi</strong></span> <span class='ocrx_word' id='word_1_179' title='bbox 216 1332 405 1369; x_wconf 85' lang='lat' dir='ltr'><strong>Thraciae</strong></span> <span class='ocrx_word' id='word_1_180' title='bbox 421 1333 573 1369; x_wconf 85' lang='lat' dir='ltr'><strong>diverse</strong></span> <span class='ocrx_word' id='word_1_181' title='bbox 600 1333 795 1369; x_wconf 86' lang='lat' dir='ltr'><strong>scribitur</strong></span> <span class='ocrx_word' id='word_1_182' title='bbox 818 1333 949 1375; x_wconf 67' lang='grc' dir='ltr'>Ἐλεοῦς</span> <span class='ocrx_word' id='word_1_183' title='bbox 973 1340 1011 1368; x_wconf 88' lang='lat' dir='ltr'><strong>et</strong></span> <span class='ocrx_word' id='word_1_184' title='bbox 1035 1333 1210 1375; x_wconf 72' lang='grc' dir='ltr'><strong>Ἐλαιοῦς,</strong></span> <span class='ocrx_word' id='word_1_185' title='bbox 1232 1333 1394 1368; x_wconf 86' lang='lat' dir='ltr'><strong>docente</strong></span> 
     </span>
     <span class='ocr_line' id='line_1_22' title="bbox 107 1387 1397 1438; baseline -0.002 -14"><span class='ocrx_word' id='word_1_186' title='bbox 107 1388 216 1424; x_wconf 82' lang='lat' dir='ltr'><strong>Clar.</strong></span> <span class='ocrx_word' id='word_1_187' title='bbox 238 1389 464 1438; x_wconf 65' lang='lat' dir='ltr'><strong>lsVesseLing.</strong></span> <span class='ocrx_word' id='word_1_188' title='bbox 490 1388 538 1424; x_wconf 84' lang='lat' dir='ltr'><strong>ad</strong></span> <span class='ocrx_word' id='word_1_189' title='bbox 564 1389 717 1424; x_wconf 77' lang='lat' dir='ltr'><strong>Diodori</strong></span> <span class='ocrx_word' id='word_1_190' title='bbox 739 1390 838 1425; x_wconf 81' lang='lat' dir='ltr'>XIII.</span> <span class='ocrx_word' id='word_1_191' title='bbox 857 1401 889 1424; x_wconf 88' lang='lat' dir='ltr'><strong>c.</strong></span> <span class='ocrx_word' id='word_1_192' title='bbox 909 1389 971 1437; x_wconf 75' lang='lat'><strong>59.</strong></span> <span class='ocrx_word' id='word_1_193' title='bbox 997 1387 1097 1424; x_wconf 89' lang='lat' dir='ltr'><strong>Mihi</strong></span> <span class='ocrx_word' id='word_1_194' title='bbox 1119 1399 1280 1435; x_wconf 82' lang='lat' dir='ltr'><strong>quoque</strong></span> <span class='ocrx_word' id='word_1_195' title='bbox 1300 1387 1397 1436; x_wconf 78' lang='lat' dir='ltr'><strong>legi-</strong></span> 
     </span>
     <span class='ocr_line' id='line_1_23' title="bbox 107 1441 1393 1490; baseline 0 -13"><span class='ocrx_word' id='word_1_196' title='bbox 107 1441 206 1477; x_wconf 82' lang='lat' dir='ltr'><strong>tima</strong></span> <span class='ocrx_word' id='word_1_197' title='bbox 226 1442 391 1490; x_wconf 83' lang='lat' dir='ltr'><strong>scriptio</strong></span> <span class='ocrx_word' id='word_1_198' title='bbox 408 1443 569 1479; x_wconf 81' lang='lat' dir='ltr'><strong>videtur</strong></span> <span class='ocrx_word' id='word_1_199' title='bbox 585 1442 871 1486; x_wconf 69' lang='grc' dir='ltr'><strong>Ἐλαιοῦντος.</strong></span> <span class='ocrx_word' id='word_1_200' title='bbox 901 1445 1022 1490; x_wconf 86' lang='lat' dir='ltr'><strong>Prope</strong></span> <span class='ocrx_word' id='word_1_201' title='bbox 1041 1443 1235 1479; x_wconf 79' lang='lat' dir='ltr'><strong>Elaeunta</strong></span> <span class='ocrx_word' id='word_1_202' title='bbox 1249 1448 1393 1490; x_wconf 83' lang='lat' dir='ltr'><strong>,atquc</strong></span> 
     </span>
     <span class='ocr_line' id='line_1_24' title="bbox 105 1497 1395 1546; baseline 0.002 -15"><span class='ocrx_word' id='word_1_203' title='bbox 105 1497 229 1533; x_wconf 86' lang='lat' dir='ltr'><strong>huius</strong></span> <span class='ocrx_word' id='word_1_204' title='bbox 259 1497 401 1545; x_wconf 86' lang='lat' dir='ltr'><strong>templi</strong></span> <span class='ocrx_word' id='word_1_205' title='bbox 426 1497 630 1534; x_wconf 83' lang='lat' dir='ltr'><strong>Protesilai</strong></span> <span class='ocrx_word' id='word_1_206' title='bbox 660 1498 874 1546; x_wconf 33' lang='lat' dir='ltr'><strong>reliquiffiis</strong></span> <span class='ocrx_word' id='word_1_207' title='bbox 895 1509 1049 1534; x_wconf 81' lang='lat' dir='ltr'><strong>scenam</strong></span> <span class='ocrx_word' id='word_1_208' title='bbox 1073 1497 1283 1533; x_wconf 67' lang='lat' dir='ltr'><strong>«instituit</strong></span> <span class='ocrx_word' id='word_1_209' title='bbox 1306 1510 1395 1533; x_wconf 87' lang='lat' dir='ltr'><strong>suo-</strong></span> 
     </span>
     <span class='ocr_line' id='line_1_25' title="bbox 106 1552 1394 1597; baseline 0.001 -10"><span class='ocrx_word' id='word_1_210' title='bbox 106 1564 201 1587; x_wconf 81' lang='lat' dir='ltr'><strong>rum</strong></span> <span class='ocrx_word' id='word_1_211' title='bbox 222 1552 481 1588; x_wconf 89' lang='lat' dir='ltr'><strong>Heroicorum</strong></span> <span class='ocrx_word' id='word_1_212' title='bbox 507 1554 773 1597; x_wconf 72' lang='lat' dir='ltr'><strong>Philostratus,</strong></span> <span class='ocrx_word' id='word_1_213' title='bbox 804 1553 851 1588; x_wconf 88' lang='lat' dir='ltr'><strong>de</strong></span> <span class='ocrx_word' id='word_1_214' title='bbox 873 1557 997 1593; x_wconf 58' lang='grc' dir='ltr'><em>Αιῑαφ</em></span> <span class='ocrx_word' id='word_1_215' title='bbox 999 1560 1053 1588; x_wconf 81' lang='lat' dir='ltr'><strong>cte</strong></span> <span class='ocrx_word' id='word_1_216' title='bbox 1072 1559 1205 1588; x_wconf 78' lang='lat' dir='ltr'><strong>nostro</strong></span> <span class='ocrx_word' id='word_1_217' title='bbox 1234 1565 1258 1587; x_wconf 89' lang='lat' dir='ltr'><strong>n</strong></span> <span class='ocrx_word' id='word_1_218' title='bbox 1264 1558 1394 1588; x_wconf 63' lang='lat' dir='ltr'><strong>armti</strong></span> 
     </span>
     <span class='ocr_line' id='line_1_26' title="bbox 107 1605 1395 1655; baseline 0.002 -13"><span class='ocrx_word' id='word_1_219' title='bbox 107 1606 322 1654; x_wconf 83' lang='lat' dir='ltr'><strong>respiciens</strong></span> <span class='ocrx_word' id='word_1_220' title='bbox 340 1621 378 1655; x_wconf 84' lang='grc' dir='ltr'><strong>ρ.</strong></span> <span class='ocrx_word' id='word_1_221' title='bbox 397 1608 488 1654; x_wconf 77' lang='lat'><strong>672,</strong></span> <span class='ocrx_word' id='word_1_222' title='bbox 478 1633 507 1652; x_wconf 82' lang='grc'><strong>.,</strong></span> <span class='ocrx_word' id='word_1_223' title='bbox 536 1608 604 1643; x_wconf 91' lang='lat' dir='ltr'><strong>ubi</strong></span> <span class='ocrx_word' id='word_1_224' title='bbox 627 1609 824 1655; x_wconf 83' lang='lat' dir='ltr'><strong>templum</strong></span> <span class='ocrx_word' id='word_1_225' title='bbox 849 1614 1064 1648; x_wconf 75' lang='lat' dir='ltr'><strong>memorat,</strong></span> <span class='ocrx_word' id='word_1_226' title='bbox 1096 1609 1122 1644; x_wconf 79' lang='grc' dir='ltr'><strong>ἐν</strong></span> <span class='ocrx_word' id='word_1_227' title='bbox 1149 1625 1171 1655; x_wconf 79' lang='grc' dir='ltr'><em>ῳ</em></span> <span class='ocrx_word' id='word_1_228' title='bbox 1201 1605 1293 1644; x_wconf 63' lang='lat' dir='ltr'><strong>zzz-x*</strong></span> <span class='ocrx_word' id='word_1_229' title='bbox 1322 1607 1395 1648; x_wconf 65' lang='grc' dir='ltr'><strong>τοές</strong></span> 
     </span>
     <span class='ocr_line' id='line_1_27' title="bbox 106 1647 1395 1731; baseline 0.002 -34"><span class='ocrx_word' id='word_1_230' title='bbox 106 1677 194 1698; x_wconf 75' lang='grc' dir='ltr'><em>ποετ-ε</em></span> <span class='ocrx_word' id='word_1_231' title='bbox 183 1663 253 1709; x_wconf 77' lang='grc' dir='ltr'><strong>’ρας</strong></span> <span class='ocrx_word' id='word_1_232' title='bbox 278 1661 297 1699; x_wconf 82' lang='lat' dir='ltr'><strong>o‘</strong></span> <span class='ocrx_word' id='word_1_233' title='bbox 321 1659 434 1705; x_wconf 75' lang='grc' dir='ltr'><em>Μκδος</em></span> <span class='ocrx_word' id='word_1_234' title='bbox 457 1661 583 1711; x_wconf 54' lang='lat'><strong>6601?-</strong></span> <span class='ocrx_word' id='word_1_235' title='bbox 574 1690 581 1697; x_wconf 95' lang='lat'><strong><em>.</em></strong></span> <span class='ocrx_word' id='word_1_236' title='bbox 610 1662 723 1698; x_wconf 80' lang='lat' dir='ltr'><strong>iuxta</strong></span> <span class='ocrx_word' id='word_1_237' title='bbox 745 1665 882 1700; x_wconf 81' lang='lat' dir='ltr'><strong>Herod</strong></span> <span class='ocrx_word' id='word_1_238' title='bbox 907 1663 1007 1710; x_wconf 85' lang='lat' dir='ltr'><strong>spoli</strong></span> <span class='ocrx_word' id='word_1_239' title='bbox 1013 1669 1076 1698; x_wconf 64' lang='lat' dir='ltr'><strong>uto</strong></span> <span class='ocrx_word' id='word_1_240' title='bbox 1100 1647 1247 1731; x_wconf 74' lang='lat' dir='ltr'><strong>tciiiplo</strong></span> <span class='ocrx_word' id='word_1_241' title='bbox 1263 1675 1395 1710; x_wconf 83' lang='lat' dir='ltr'><strong>quum</strong></span> 
     </span>
     <span class='ocr_line' id='line_1_28' title="bbox 105 1716 1396 1766; baseline -0.001 -13"><span class='ocrx_word' id='word_1_242' title='bbox 105 1716 302 1753; x_wconf 84' lang='lat' dir='ltr'><strong>Elaeunta</strong></span> <span class='ocrx_word' id='word_1_243' title='bbox 333 1717 489 1753; x_wconf 82' lang='lat' dir='ltr'><strong>veniict</strong></span> <span class='ocrx_word' id='word_1_244' title='bbox 519 1719 744 1765; x_wconf 71' lang='lat' dir='ltr'><strong>Artaycte5‚</strong></span> <span class='ocrx_word' id='word_1_245' title='bbox 785 1719 812 1754; x_wconf 79' lang='grc' dir='ltr'><strong>ἐν</strong></span> <span class='ocrx_word' id='word_1_246' title='bbox 843 1719 892 1766; x_wconf 72' lang='grc' dir='ltr'><strong>τῷ</strong></span> <span class='ocrx_word' id='word_1_247' title='bbox 927 1716 1035 1764; x_wconf 69' lang='grc' dir='ltr'><em>υἷόότῳ</em></span> <span class='ocrx_word' id='word_1_248' title='bbox 1067 1717 1194 1760; x_wconf 53' lang='lat' dir='ltr'><strong>*su-ami)</strong></span> <span class='ocrx_word' id='word_1_249' title='bbox 1230 1718 1396 1759; x_wconf 70' lang='grc' dir='ltr'>ἐμίσγετο.</span> 
     </span>
     <span class='ocr_line' id='line_1_29' title="bbox 106 1770 1399 1819; baseline 0 -13"><span class='ocrx_word' id='word_1_250' title='bbox 106 1771 211 1806; x_wconf 85' lang='lat' dir='ltr'><strong>conf.</strong></span> <span class='ocrx_word' id='word_1_251' title='bbox 234 1774 314 1807; x_wconf 87' lang='lat' dir='ltr'>VII.</span> <span class='ocrx_word' id='word_1_252' title='bbox 334 1784 366 1807; x_wconf 90' lang='lat' dir='ltr'><strong>c.</strong></span> <span class='ocrx_word' id='word_1_253' title='bbox 386 1773 449 1809; x_wconf 79' lang='lat'><strong>55.</strong></span> <span class='ocrx_word' id='word_1_254' title='bbox 477 1773 685 1809; x_wconf 82' lang='lat' dir='ltr'><strong>VALCK.</strong></span> <span class='ocrx_word' id='word_1_255' title='bbox 708 1792 760 1799; x_wconf 83' lang='lat'>—</span> <span class='ocrx_word' id='word_1_256' title='bbox 798 1774 856 1809; x_wconf 92' lang='lat' dir='ltr'><strong>De</strong></span> <span class='ocrx_word' id='word_1_257' title='bbox 876 1773 1130 1808; x_wconf 73' lang='lat' dir='ltr'><strong>Aoristorum</strong></span> <span class='ocrx_word' id='word_1_258' title='bbox 1154 1783 1226 1807; x_wconf 90' lang='lat' dir='ltr'><strong>usu</strong></span> <span class='ocrx_word' id='word_1_259' title='bbox 1249 1770 1399 1819; x_wconf 84' lang='lat' dir='ltr'><strong>praeci-</strong></span> 
     </span>
     <span class='ocr_line' id='line_1_30' title="bbox 107 1825 1397 1875; baseline 0.002 -16"><span class='ocrx_word' id='word_1_260' title='bbox 107 1825 221 1873; x_wconf 88' lang='lat' dir='ltr'><strong>piens</strong></span> <span class='ocrx_word' id='word_1_261' title='bbox 238 1828 494 1872; x_wconf 81' lang='lat' dir='ltr'><strong>Hermannus,</strong></span> <span class='ocrx_word' id='word_1_262' title='bbox 523 1839 643 1875; x_wconf 89' lang='lat' dir='ltr'><strong>quem</strong></span> <span class='ocrx_word' id='word_1_263' title='bbox 672 1827 713 1862; x_wconf 90' lang='lat' dir='ltr'><strong>in</strong></span> <span class='ocrx_word' id='word_1_264' title='bbox 746 1828 836 1864; x_wconf 80' lang='lat' dir='ltr'><strong>Var.</strong></span> <span class='ocrx_word' id='word_1_265' title='bbox 855 1830 955 1864; x_wconf 71' lang='lat' dir='ltr'><strong>Lech.</strong></span> <span class='ocrx_word' id='word_1_266' title='bbox 983 1827 1104 1863; x_wconf 85' lang='lat' dir='ltr'><strong>etiam</strong></span> <span class='ocrx_word' id='word_1_267' title='bbox 1126 1826 1306 1870; x_wconf 78' lang='lat' dir='ltr'><strong>laudavi,</strong></span> <span class='ocrx_word' id='word_1_268' title='bbox 1336 1837 1397 1862; x_wconf 86' lang='lat' dir='ltr'><strong>re-</strong></span> 
     </span>
     <span class='ocr_line' id='line_1_31' title="bbox 106 1881 1394 1929; baseline 0 -13"><span class='ocrx_word' id='word_1_269' title='bbox 106 1886 168 1916; x_wconf 85' lang='lat' dir='ltr'><strong>cte</strong></span> <span class='ocrx_word' id='word_1_270' title='bbox 191 1881 351 1917; x_wconf 85' lang='lat' dir='ltr'><strong>monuit</strong></span> <span class='ocrx_word' id='word_1_271' title='bbox 372 1881 531 1918; x_wconf 83' lang='lat' dir='ltr'><strong>defendi</strong></span> <span class='ocrx_word' id='word_1_272' title='bbox 554 1883 634 1918; x_wconf 83' lang='lat' dir='ltr'><strong>h.l.</strong></span> <span class='ocrx_word' id='word_1_273' title='bbox 655 1882 922 1925; x_wconf 66' lang='grc' dir='ltr'><strong>ὁφελόμενος</strong></span> <span class='ocrx_word' id='word_1_274' title='bbox 942 1893 1059 1929; x_wconf 86' lang='lat' dir='ltr'><strong>posse.</strong></span> <span class='ocrx_word' id='word_1_275' title='bbox 1093 1883 1244 1929; x_wconf 83' lang='lat' dir='ltr'><strong>Quare,</strong></span> <span class='ocrx_word' id='word_1_276' title='bbox 1263 1894 1394 1929; x_wconf 86' lang='lat' dir='ltr'><strong>quum</strong></span> 
     </span>
     <span class='ocr_line' id='line_1_32' title="bbox 105 1935 1398 1985; baseline 0.002 -15"><span class='ocrx_word' id='word_1_277' title='bbox 105 1935 151 1971; x_wconf 86' lang='lat' dir='ltr'><strong>in</strong></span> <span class='ocrx_word' id='word_1_278' title='bbox 167 1935 266 1971; x_wconf 86' lang='lat' dir='ltr'><strong>hanc</strong></span> <span class='ocrx_word' id='word_1_279' title='bbox 276 1936 517 1985; x_wconf 79' lang='lat' dir='ltr'><strong>scripturam</strong></span> <span class='ocrx_word' id='word_1_280' title='bbox 536 1944 682 1973; x_wconf 82' lang='lat' dir='ltr'><strong>veteres</strong></span> <span class='ocrx_word' id='word_1_281' title='bbox 702 1937 797 1972; x_wconf 88' lang='lat' dir='ltr'><strong>libri</strong></span> <span class='ocrx_word' id='word_1_282' title='bbox 814 1948 948 1972; x_wconf 82' lang='lat' dir='ltr'><strong>omncs</strong></span> <span class='ocrx_word' id='word_1_283' title='bbox 962 1964 970 1980; x_wconf 80' lang='lat'><strong>,</strong></span> <span class='ocrx_word' id='word_1_284' title='bbox 991 1943 1150 1984; x_wconf 76' lang='lat' dir='ltr'><strong>excepto</strong></span> <span class='ocrx_word' id='word_1_285' title='bbox 1162 1937 1275 1973; x_wconf 73' lang='lat' dir='ltr'><strong>Arch.</strong></span> <span class='ocrx_word' id='word_1_286' title='bbox 1293 1936 1398 1972; x_wconf 90' lang='lat' dir='ltr'><strong>eius-</strong></span> 
     </span>
     <span class='ocr_line' id='line_1_33' title="bbox 105 1991 1395 2040; baseline 0 -14"><span class='ocrx_word' id='word_1_287' title='bbox 105 2002 186 2038; x_wconf 84' lang='lat' dir='ltr'><strong>que</strong></span> <span class='ocrx_word' id='word_1_288' title='bbox 204 1992 439 2039; x_wconf 78' lang='lat' dir='ltr'><strong>sequacibus</strong></span> <span class='ocrx_word' id='word_1_289' title='bbox 474 1994 582 2028; x_wconf 73' lang='lat' dir='ltr'><strong>Vind.</strong></span> <span class='ocrx_word' id='word_1_290' title='bbox 614 1998 652 2028; x_wconf 87' lang='lat' dir='ltr'><strong>et</strong></span> <span class='ocrx_word' id='word_1_291' title='bbox 684 1993 812 2028; x_wconf 81' lang='lat' dir='ltr'><strong>Vallae</strong></span> <span class='ocrx_word' id='word_1_292' title='bbox 843 1991 1085 2040; x_wconf 72' lang='lat' dir='ltr'><strong>exemplari,</strong></span> <span class='ocrx_word' id='word_1_293' title='bbox 1120 1991 1395 2035; x_wconf 86' lang='lat' dir='ltr'><strong>consentiant,</strong></span> 
     </span>
     <span class='ocr_line' id='line_1_34' title="bbox 105 2045 1395 2094; baseline 0 -13"><span class='ocrx_word' id='word_1_294' title='bbox 105 2045 252 2081; x_wconf 86' lang='lat' dir='ltr'><strong>horum</strong></span> <span class='ocrx_word' id='word_1_295' title='bbox 284 2047 425 2089; x_wconf 65' lang='grc' dir='ltr'><strong>αἰτήσας</strong></span> <span class='ocrx_word' id='word_1_296' title='bbox 450 2058 496 2082; x_wconf 82' lang='lat' dir='ltr'><strong>ex</strong></span> <span class='ocrx_word' id='word_1_297' title='bbox 530 2047 771 2083; x_wconf 87' lang='lat' dir='ltr'><strong>correctione</strong></span> <span class='ocrx_word' id='word_1_298' title='bbox 800 2059 942 2094; x_wconf 86' lang='lat' dir='ltr'><strong>parum</strong></span> <span class='ocrx_word' id='word_1_299' title='bbox 973 2046 1187 2082; x_wconf 85' lang='lat' dir='ltr'><strong>necessaria</strong></span> <span class='ocrx_word' id='word_1_300' title='bbox 1216 2045 1395 2082; x_wconf 88' lang='lat' dir='ltr'><strong>eiusdem</strong></span> 
     </span>
     <span class='ocr_line' id='line_1_35' title="bbox 102 2099 1396 2151; baseline 0.001 -16"><span class='ocrx_word' id='word_1_301' title='bbox 102 2099 210 2136; x_wconf 84' lang='lat' dir='ltr'><strong>docti</strong></span> <span class='ocrx_word' id='word_1_302' title='bbox 246 2101 346 2137; x_wconf 88' lang='lat' dir='ltr'><strong>olim</strong></span> <span class='ocrx_word' id='word_1_303' title='bbox 383 2102 582 2146; x_wconf 82' lang='lat' dir='ltr'><strong>hominis,</strong></span> <span class='ocrx_word' id='word_1_304' title='bbox 619 2113 740 2150; x_wconf 85' lang='lat' dir='ltr'><strong>quem</strong></span> <span class='ocrx_word' id='word_1_305' title='bbox 780 2102 896 2138; x_wconf 89' lang='lat' dir='ltr'><strong>modo</strong></span> <span class='ocrx_word' id='word_1_306' title='bbox 929 2101 1034 2146; x_wconf 77' lang='lat' dir='ltr'><strong>dixi,</strong></span> <span class='ocrx_word' id='word_1_307' title='bbox 1073 2100 1199 2137; x_wconf 86' lang='lat' dir='ltr'><strong>fuerit</strong></span> <span class='ocrx_word' id='word_1_308' title='bbox 1229 2113 1396 2151; x_wconf 85' lang='lat' dir='ltr'><strong>progna-</strong></span> 
     </span>
     <span class='ocr_line' id='line_1_36' title="bbox 104 2154 280 2194; baseline 0.011 -2"><span class='ocrx_word' id='word_1_309' title='bbox 104 2161 207 2192; x_wconf 73' lang='lat' dir='ltr'><strong>tum.</strong></span> <span class='ocrx_word' id='word_1_310' title='bbox 234 2154 280 2194; x_wconf 81' lang='lat' dir='ltr'><strong>S·</strong></span> 
     </span>
    </p>

    <p class='ocr_par' dir='ltr' id='par_1_4' title="bbox 102 2209 1398 2478">
     <span class='ocr_line' id='line_1_37' title="bbox 170 2209 1396 2260; baseline 0 -14"><span class='ocrx_word' id='word_1_311' title='bbox 170 2223 229 2260; x_wconf 82' lang='lat'><strong>¹9·</strong></span> <span class='ocrx_word' id='word_1_312' title='bbox 258 2213 316 2247; x_wconf 68' lang='grc' dir='ltr'><strong>καὶ</strong></span> <span class='ocrx_word' id='word_1_313' title='bbox 335 2212 394 2248; x_wconf 67' lang='grc' dir='ltr'><strong>τοῦ</strong></span> <span class='ocrx_word' id='word_1_314' title='bbox 409 2211 470 2248; x_wconf 63' lang='lat' dir='ltr'><strong>uk?</strong></span> <span class='ocrx_word' id='word_1_315' title='bbox 494 2209 749 2259; x_wconf 59' lang='grc' dir='ltr'><strong>Βασιλεύςντος)</strong></span> <span class='ocrx_word' id='word_1_316' title='bbox 779 2210 1002 2248; x_wconf 77' lang='lat' dir='ltr'><strong>Iudicatum</strong></span> <span class='ocrx_word' id='word_1_317' title='bbox 1037 2211 1222 2258; x_wconf 86' lang='lat' dir='ltr'><strong>superius</strong></span> <span class='ocrx_word' id='word_1_318' title='bbox 1250 2211 1297 2246; x_wconf 91' lang='lat' dir='ltr'><strong>ad</strong></span> <span class='ocrx_word' id='word_1_319' title='bbox 1322 2210 1396 2246; x_wconf 89' lang='lat' dir='ltr'><strong>lib.</strong></span> 
     </span>
     <span class='ocr_line' id='line_1_38' title="bbox 105 2265 1398 2314; baseline 0 -14"><span class='ocrx_word' id='word_1_320' title='bbox 105 2265 135 2300; x_wconf 91' lang='lat' dir='ltr'><strong>I.</strong></span> <span class='ocrx_word' id='word_1_321' title='bbox 154 2273 192 2309; x_wconf 77' lang='lat'><strong>4.</strong></span> <span class='ocrx_word' id='word_1_322' title='bbox 221 2265 325 2301; x_wconf 83' lang='lat' dir='ltr'><strong>Hine</strong></span> <span class='ocrx_word' id='word_1_323' title='bbox 341 2266 471 2301; x_wconf 80' lang='lat' dir='ltr'><strong>audax</strong></span> <span class='ocrx_word' id='word_1_324' title='bbox 490 2266 608 2302; x_wconf 73' lang='lat' dir='ltr'><strong>fluxit</strong></span> <span class='ocrx_word' id='word_1_325' title='bbox 630 2273 667 2303; x_wconf 84' lang='lat' dir='ltr'><strong>et</strong></span> <span class='ocrx_word' id='word_1_326' title='bbox 687 2267 955 2314; x_wconf 82' lang='lat' dir='ltr'><strong>inportunum</strong></span> <span class='ocrx_word' id='word_1_327' title='bbox 983 2266 1236 2309; x_wconf 75' lang='lat' dir='ltr'><strong>Artaxerxis,</strong></span> <span class='ocrx_word' id='word_1_328' title='bbox 1270 2267 1398 2301; x_wconf 86' lang='lat' dir='ltr'><strong>Persa-</strong></span> 
     </span>
     <span class='ocr_line' id='line_1_39' title="bbox 106 2320 1398 2370; baseline 0 -15"><span class='ocrx_word' id='word_1_329' title='bbox 106 2331 224 2364; x_wconf 82' lang='lat' dir='ltr'><strong>rum,</strong></span> <span class='ocrx_word' id='word_1_330' title='bbox 254 2320 370 2357; x_wconf 83' lang='lat' dir='ltr'><strong>victis</strong></span> <span class='ocrx_word' id='word_1_331' title='bbox 395 2321 568 2365; x_wconf 81' lang='lat' dir='ltr'><strong>Parthis,</strong></span> <span class='ocrx_word' id='word_1_332' title='bbox 594 2321 768 2357; x_wconf 86' lang='lat' dir='ltr'><strong>vindicis</strong></span> <span class='ocrx_word' id='word_1_333' title='bbox 789 2326 827 2357; x_wconf 88' lang='lat' dir='ltr'><strong>et</strong></span> <span class='ocrx_word' id='word_1_334' title='bbox 859 2321 969 2370; x_wconf 79' lang='lat' dir='ltr'><strong>regni</strong></span> <span class='ocrx_word' id='word_1_335' title='bbox 1003 2320 1303 2364; x_wconf 83' lang='lat' dir='ltr'><strong>instauratoris,</strong></span> <span class='ocrx_word' id='word_1_336' title='bbox 1338 2332 1398 2355; x_wconf 82' lang='lat' dir='ltr'><strong>ee-</strong></span> 
     </span>
     <span class='ocr_line' id='line_1_40' title="bbox 104 2373 1389 2423; baseline 0 -14"><span class='ocrx_word' id='word_1_337' title='bbox 104 2373 197 2410; x_wconf 71' lang='lat' dir='ltr'><strong>dere</strong></span> <span class='ocrx_word' id='word_1_338' title='bbox 218 2376 320 2422; x_wconf 77' lang='lat' dir='ltr'><strong>Imp·</strong></span> <span class='ocrx_word' id='word_1_339' title='bbox 348 2376 627 2412; x_wconf 83' lang='lat' dir='ltr'><strong>Alexandrum</strong></span> <span class='ocrx_word' id='word_1_340' title='bbox 657 2379 934 2423; x_wconf 71' lang='lat' dir='ltr'><strong>Romanosque</strong></span> <span class='ocrx_word' id='word_1_341' title='bbox 962 2375 1074 2411; x_wconf 72' lang='lat' dir='ltr'><strong>omni</strong></span> <span class='ocrx_word' id='word_1_342' title='bbox 1107 2375 1203 2411; x_wconf 84' lang='lat' dir='ltr'><strong>Asia</strong></span> <span class='ocrx_word' id='word_1_343' title='bbox 1234 2375 1389 2418; x_wconf 81' lang='lat' dir='ltr'><strong>debere,</strong></span> 
     </span>
     <span class='ocr_line' id='line_1_41' title="bbox 102 2426 1392 2478; baseline 0 -13"><span class='ocrx_word' id='word_1_344' title='bbox 102 2429 202 2467; x_wconf 76' lang='grc' dir='ltr'><strong>ἒοῖσου</strong></span> <span class='ocrx_word' id='word_1_345' title='bbox 223 2426 254 2466; x_wconf 71' lang='grc' dir='ltr'><strong>δὲ</strong></span> <span class='ocrx_word' id='word_1_346' title='bbox 272 2428 384 2477; x_wconf 65' lang='grc' dir='ltr'><em>ἄρχειν</em></span> <span class='ocrx_word' id='word_1_347' title='bbox 401 2432 530 2478; x_wconf 66' lang='grc' dir='ltr'><strong>Πέξσκς</strong></span> <span class='ocrx_word' id='word_1_348' title='bbox 549 2432 664 2478; x_wconf 68' lang='grc' dir='ltr'><em>μέχρις</em></span> <span class='ocrx_word' id='word_1_349' title='bbox 683 2430 806 2472; x_wconf 72' lang='grc' dir='ltr'><em>Ἰωνίας</em></span> <span class='ocrx_word' id='word_1_350' title='bbox 832 2446 865 2468; x_wconf 76' lang='grc' dir='ltr'><strong>τε</strong></span> <span class='ocrx_word' id='word_1_351' title='bbox 885 2433 942 2467; x_wconf 65' lang='grc' dir='ltr'><strong>καὶ</strong></span> <span class='ocrx_word' id='word_1_352' title='bbox 963 2432 1102 2475; x_wconf 67' lang='grc' dir='ltr'><strong>Κκρίκς“</strong></span> <span class='ocrx_word' id='word_1_353' title='bbox 1122 2450 1139 2457; x_wconf 90' lang='grc'>-</span> <span class='ocrx_word' id='word_1_354' title='bbox 1154 2449 1172 2456; x_wconf 91' lang='grc'>-</span> <span class='ocrx_word' id='word_1_355' title='bbox 1188 2450 1204 2457; x_wconf 93' lang='grc'>-</span> <span class='ocrx_word' id='word_1_356' title='bbox 1224 2428 1300 2466; x_wconf 66' lang='grc' dir='ltr'><em>εἶναι</em></span> <span class='ocrx_word' id='word_1_357' title='bbox 1324 2428 1392 2476; x_wconf 53' lang='grc' dir='ltr'><strong>γάρ</strong></span> 
     </span>
    </p>
   </div>
  </div>
 </body>
</html>
