1718 2919
315 209 392 248 130
601 197 1351 242 ADNOTA·TIONES

311 310 392 358 πρές
410 311 459 358 τῷ
476 309 597 358 Ἰσθμῳ
616 309 889 346 illustrantem
920 307 992 343 lib.
1010 307 1079 343 VI.
1107 306 1194 355 ¹39·
1217 304 1311 342 vise.
1345 303 1474 343 WES
1487 303 1525 340 S.
1553 321 1610 331 --

312 367 371 403 De
397 366 571 402 formula
602 363 720 407 ἑμοίως
745 366 802 401 καὶ
832 363 922 400 vide
950 362 1058 398 Adn.
1090 361 1138 397 ad
1158 361 1241 399 VII.
1267 361 1337 403 50,
1364 360 1423 396 18.
1452 365 1492 395 et
1520 358 1606 394 loca

313 420 371 456 ibi
391 421 523 457 citata.
552 418 597 457 S.

371 476 433 512 36.
474 474 522 518 μνὶ
558 472 675 512 οἰκότα
704 470 734 510 δὲ
761 466 1050 521 βουλευομένοισι)
1096 471 1191 507 Cato
1220 469 1263 505 in
1297 469 1461 505 Sallustii
1484 467 1608 505 Catil.

311 544 344 568 c.
373 531 436 568 52.
468 530 691 579 Vigiland0‚
724 528 884 576 agendo,
920 527 1002 562 hene
1034 525 1270 569 consulendo,
1291 536 1463 573 prospere
1487 524 1609 566 onmia

310 587 464 631 cedunt,·
503 585 559 620 ubi
583 584 769 620 socordiae
795 588 864 618 tete
894 587 1000 629 alque
1030 582 1197 630 ignaviae
1224 580 1440 623 tradideris,
1468 579 1611 628 nequic-

309 655 411 691 quam
445 641 527 676 deos
562 641 740 687 implores,-
777 639 864 673 irati
889 634 1080 685 infestique
1108 641 1212 671 sunt:
1248 634 1319 670 ubi
1354 635 1531 670 VVassius
1569 637 1610 668 et

313 697 456 733 Corlius
468 721 477 739 ,
499 694 625 741 inque
641 692 784 741 primis
801 692 871 728 Th.
889 693 1088 728 Gatakerus
1104 689 1152 726 ad
1168 693 1310 727 Anton.
1332 690 1436 736 Imp.
1454 687 1528 725 lib.
1541 688 1610 724 IX.

311 760 375 796 40.
407 749 588 789 WESS.

422 803 568 844 CAP.
589 799 715 842 LXI.
749 802 784 839 3.
814 800 874 839 aziz
893 802 948 838 ἐῶν
965 797 1268 847 ἐπιψηφίζειν)
1289 797 1514 836 Infeliciter
1532 796 1607 834 ista

311 860 479 897 tentavit
495 859 560 896 vir
578 858 714 894 doctus
728 884 737 901 ,
757 869 933 905 quorum
952 856 1044 891 hacc
1064 862 1122 891 est
1137 854 1353 891 sententia:
1374 856 1498 890 nolens
1517 864 1612 889 con·

309 916 398 951 cilii
428 914 653 963 principem
683 912 922 964 Eurybiadem
951 912 1053 947 duces
1077 912 1116 946 in
1137 912 1317 959 suffragia
1339 911 1500 954 mittere,
1527 907 1610 944 sive

309 972 506 1008 sententias
535 982 689 1019 rogare,
721 970 758 1004 in
779 969 942 1017 gratiam
964 969 1034 1002 viri
1068 965 1151 1001 urbe
1170 968 1298 1015 patria
1326 966 1498 1002 carentis.
1545 962 1611 1000 Sic

308 1026 523 1063 Herodotea
543 1022 735 1072 capienda
755 1023 954 1058 docebunt
973 1022 1127 1058 Kasteri
1152 1027 1191 1057 et
1209 1019 1358 1057 summi
1379 1019 1459 1057 viri
1479 1020 1611 1055 obser-

308 1087 396 1118 vata
423 1081 467 1116 in
494 1081 645 1116 Luciam·
672 1077 830 1114 Timon.
856 1073 1020 1127 [c.l,l;.]
1048 1089 1132 1125 pag.
1155 1076 1224 1123 157
1246 1087 1326 1123 seq.
1366 1076 1524 1111 Praeter
1547 1085 1609 1110 ce-

311 1142 392 1173 tera
413 1138 465 1172 H.
485 1137 648 1172 Valesius
667 1133 930 1181 adscripserat
949 1133 1239 1180 Harpen-rationi
1258 1132 1390 1167 locum
1407 1130 1608 1173 Herodoti,

309 1203 429 1241 quem
458 1190 557 1235 alii,
595 1195 796 1238 quantum
827 1188 1022 1230 memini,
1057 1199 1136 1222 non
1167 1186 1406 1235 attigerant,
1436 1186 1609 1223 verbum

309 1251 520 1284 tractantes
559 1244 780 1289 ἐπιψηφίζειν.
813 1244 875 1280 Cl.
898 1249 1029 1279 tamen
1058 1241 1276 1279 Abreschius
1304 1241 1352 1277 ad
1381 1241 1549 1292 Thuqyd.
1580 1245 1609 1279 Ι.

308 1316 342 1339 c.
366 1304 449 1347 87.,
471 1303 658 1343 declarat,
689 1298 846 1347 inquit,
880 1297 951 1347 (in
982 1298 1066 1333 loco
1099 1297 1265 1348 Thucyd.
1295 1298 1366 1333 VI.
1391 1308 1423 1332 c.
1448 1292 1536 1345 14.)
1566 1295 1608 1335 ro*

308 1356 445 1400 γνώμας
462 1357 640 1404 προτιθέναι
658 1357 842 1403 praevium
867 1354 1093 1397 ἐπιψηφίσαιτ
1122 1353 1246 1396 sicuti,
1278 1352 1372 1401 quod
1401 1352 1611 1390 Herodotus

308 1413 383 1449 lib.
404 1413 508 1448 VIII.
538 1422 570 1446 C.
597 1410 660 1459 59.
693 1411 850 1457 προθεῖναι
870 1407 994 1455 λέγον,
1029 1407 1068 1442 id
1092 1420 1126 1443 c.
1147 1408 1211 1444 (31.
1232 1406 1456 1452 ἐπιψηφίζειν.
1485 1407 1610 1444 Mole-

308 1474 365 1505 ste
400 1479 480 1502 non
511 1466 610 1501 feret
634 1463 698 1501 vir
724 1463 1062 1507 humanissimus,
1092 1462 1124 1498 si
1156 1461 1294 1497 dixero
1320 1460 1424 1497 mihi
1452 1461 1608 1499 diversa

306 1521 460 1566 videri,
491 1522 689 1557 sententias
717 1521 840 1555 varias
872 1521 999 1555 iterum
1024 1520 1158 1567 populo
1182 1530 1407 1566 proponere,
1435 1522 1474 1552 et
1505 1532 1609 1567 super·

308 1580 380 1615 illis
402 1579 573 1626 populum
602 1577 640 1611 in,
659 1577 838 1624 sqffragia
857 1576 1009 1610 mittere.
1038 1572 1159 1620 Apud
1177 1573 1354 1609 Herodot.
1378 1584 1413 1609 c.
1431 1572 1494 1622 59.
1520 1584 1612 1610 ver-

308 1635 357 1669 ba
382 1633 508 1668 facere
533 1630 663 1678 coepit
690 1636 782 1666 ante
800 1629 1100 1672 Themistocles,
1129 1640 1254 1676 quam
1282 1626 1505 1664 convocatis
1532 1628 1610 1664 du-

308 1688 422 1724 cibus
449 1690 686 1735 proponeret
707 1685 951 1733 Eurybiades
977 1684 1094 1720 cuius
1114 1682 1171 1719 rei
1193 1696 1308 1719 causa
1328 1682 1422 1718 illos
1455 1681 1608 1720 iterum

310 1748 577 1779 convocasset:
605 1742 677 1776 hoc
703 1740 957 1790 significatur
978 1739 1122 1787 utique
1144 1751 1216 1787 per
1233 1740 1304 1787 πρὶν
1325 1735 1346 1779 57*
1364 1736 1421 1775 τᾶν
1441 1736 1609 1786 Εὐρυβιά-

312 1796 369 1836 Bm
388 1798 545 1845 ’προθεῖναι
562 1794 619 1834 τᾶν
637 1794 751 1838 λόγον,
769 1796 831 1833 τῶν
847 1794 952 1832 εἵνεκα
970 1793 1134 1836 συννῖγοιγε
1150 1792 1226 1836 τούς
1237 1790 1452 1840 στρατηγούς.
1485 1793 1612 1829 Athe·

311 1853 375 1889 nis
403 1854 588 1900 Prytanes
618 1850 779 1887 comitia
806 1851 986 1886 solebant
1018 1849 1195 1884 indicere
1213 1849 1298 1895 fixo
1328 1848 1470 1892 tabula,
1498 1862 1609 1898 quae,

310 1909 395 1958 quid
418 1910 456 1943 in
479 1907 767 1943 deliberationem
794 1908 951 1948 veniret,
980 1904 1210 1941 continebat:
1237 1905 1283 1939 T.
1299 1904 1354 1939 H.
1382 1903 1430 1939 ad
1454 1905 1610 1940 Lucian.

312 1976 352 2011 p.
372 1965 461 2007 482.
496 1958 773 2011 [Necromant.
800 1974 832 1997 c.
857 1957 941 2011 ¹9·]
968 1963 1011 1997 In
1035 1972 1164 1995 unum
1183 1963 1313 1995 coacto
1336 1958 1486 2006 populo
1502 1984 1511 2002 ‚
1533 1957 1609 2006 qui

313 2024 402 2054 tum
422 2023 537 2053 erant
560 2016 668 2053 inter
687 2018 870 2065 Prytanes
894 2015 1009 2052 Pro'e'd
1018 2015 1051 2051 ri
1064 2042 1073 2059 ,
1092 2015 1154 2052 vel
1173 2026 1194 2050 e
1210 2013 1385 2050 Proedris
1406 2011 1425 2050 ὁ
1439 2012 1610 2051 Ἐπιστά-

310 2089 365 2115 τκς
383 2072 531 2108 iterum
549 2073 814 2119 proponebat,
838 2084 917 2119 qua
944 2071 991 2107 dc
1014 2083 1055 2106 re
1080 2075 1178 2106 esset
1202 2067 1422 2118 agendum;
1446 2067 1609 2104 excitati

311 2138 403 2164 voce
423 2127 626 2174 praeconis
646 2133 818 2162 oratores
837 2127 881 2162 in
906 2125 1084 2162 medium
1104 2124 1340 2173 prodibant,
1362 2135 1446 2159 rem
1468 2136 1611 2172 propo-

311 2182 429 2219 sitam
454 2181 610 2218 civibus
631 2181 838 2217 suadentes
856 2182 918 2218 vel
940 2180 1226 2221 dissuadentes3
1254 2178 1296 2213 hi
1321 2190 1478 2215 causam
1498 2178 1611 2227 quis-

311 2249 391 2286 que
424 2249 537 2273 suam
571 2236 641 2272 ubi
680 2242 946 2284 perorassent,
987 2242 1074 2271 tum
1110 2235 1284 2283 populus
1309 2236 1425 2271 caussa
1452 2233 1611 2282 cognitis

311 2292 552 2329 mittebatur
579 2291 623 2326 in
658 2291 869 2341 suffragia:
907 2290 1119 2339 Epimenes,
1154 2290 1215 2326 vel
1245 2288 1352 2325 alius
1385 2301 1432 2324 cx
1469 2289 1611 2324 ordine

310 2349 529 2395 Prytanum
545 2373 555 2391 ,
574 2347 788 2383 sententias
816 2359 973 2396 rogans,
993 2345 1126 2381 diceba
1135 2351 1201 2380 tur
1217 2345 1439 2390 ἐπιψηφίζειν.
1471 2344 1523 2380 Ut
1541 2355 1610 2391 po-

309 2408 505 2439 stremum
523 2402 660 2438 cadere
679 2402 822 2451 nequit
844 2403 886 2438 in
905 2400 1201 2437 dubitationem
1215 2426 1224 2443 ,
1240 2399 1296 2434 sic
1315 2406 1354 2435 et
1376 2398 1506 2447 priora
1527 2411 1610 2434 cer-

311 2457 361 2494 tis
387 2456 581 2493 nituntur
607 2457 869 2494 testimoniis:
898 2457 946 2492 de
967 2456 1146 2492 Proe‘dris
1168 2453 1275 2503 quod
1297 2454 1498 2499 dicebam,
1520 2454 1607 2489 loco
