1718 2919
251 178 346 217 AD
389 174 795 216 HERODOT.
834 175 920 215 IX.
956 185 1170 216 llo-112·
1300 176 1375 216 311

74 281 357 331 complurium
398 282 581 318 codicum
620 281 829 329 reprobata
866 291 1055 316 consensu
1097 275 1377 329 (quibuscum

85 337 192 375 haud
209 336 333 372 dubie
354 337 427 373 alii
448 335 568 373 etiam
586 363 596 381 ‚
627 335 659 372 si
684 335 922 384 diligentius
942 334 1225 381 excutiantur,
1251 335 1379 372 facere

83 390 363 440 reperientur)
404 404 478 428 vox
514 394 591 439 τρεῖς
621 403 643 427 a
682 391 827 427 lectore
863 389 1037 438 quodam
1066 389 1166 426 olim
1200 390 1377 439 margini

81 446 234 484 adiecta
252 446 372 482 fuisse
385 447 545 483 videtur
557 472 566 490 ,
593 451 633 481 et
647 445 741 482 dein
762 450 907 481 temere
920 458 942 481 a
958 444 1205 483 nonnemine
1223 445 1266 480 in
1285 457 1378 481 con-

76 507 237 538 textum
270 501 430 539 adscita.
471 500 669 549 Equidem
704 511 826 549 prope
857 501 998 536 absum
1034 506 1080 536 ut
1106 499 1376 537 abiiciendam

75 567 271 601 penseam.
298 555 345 594 S.

144 624 204 661 ¹9·
230 612 350 654 μέγα
371 613 429 653 μὲν
457 604 652 658 ποιεῦμαι)
689 611 747 647 Ne
775 609 848 646 hac
879 608 922 645 in
951 609 1128 646 dictione
1153 610 1332 659 Scriptor
1353 622 1376 649 a

80 677 121 702 se
140 665 353 710 secederet,
379 664 528 714 primas
546 665 663 702 Arch.
685 670 724 701 et
746 666 857 702 Vind.
874 664 1066 710 concessi,
1092 678 1173 714 qua
1194 676 1315 714 super
1335 676 1376 705 re

78 721 130 758 ad
147 721 221 757 lib.
238 723 303 758 ΠΙ.
323 730 385 766 42.
420 720 596 759 WESS.

137 775 231 812 Ibid.
259 791 287 819 μ
299 791 312 812 ε
324 792 348 818 γ
360 773 444 812 α’λα
462 777 520 817 μὲν
540 769 733 823 ποιεῦμαι)
761 773 834 811 Hic
848 780 953 811 certe
974 775 1104 823 placet
1124 773 1242 811 lectio
1257 776 1374 813 Arch.

79 831 197 874 μέγα
220 833 279 872 μὲν
298 830 473 872 ποιεῦμαι.
502 831 546 866 In
572 828 799 865 istiusmodi
818 829 1008 867 formulis
1028 831 1122 874 μέγα
1145 830 1270 866 ferme
1290 836 1376 867 tan-

79 889 172 922 tum
193 885 421 933 reperitur‚·
445 884 580 921 eodem
603 896 682 933 qua
706 884 771 920 hic
796 888 999 923 structura
1027 885 1201 933 positum
1231 885 1274 920 in
1299 887 1376 923 Xe-

81 940 275 989 nophontis
295 946 375 988 Κυρ.
400 936 503 977 Hm&-
531 941 582 976 V.
604 952 643 987 p.
666 939 754 986 76.‚
783 938 846 981 ε’γώ
864 941 958 983 μέγα
974 942 1138 983 ποιοῦμαι
1162 943 1255 984 Φίλον
1275 941 1373 979 τοῦτο

80 993 122 1032 To*
138 997 254 1044 χωρίον
270 997 337 1037 τοῖς
358 991 463 1032 ἐνθάδε
488 993 685 1040 συμμάχοις
706 994 930 1040 καταλιπών,
953 1000 1000 1031 ut
1018 1001 1075 1031 est
1093 994 1135 1031 in
1157 995 1252 1033 Cod.
1274 998 1373 1039 MS„

81 1061 155 1098 pro
179 1051 390 1087 καταλιπεῖν.
421 1051 473 1085 Ut
496 1050 588 1091 μέγα
598 1049 784 1091 ποιοῦμαι,
808 1049 1092 1096 frequentatur
1112 1055 1151 1086 et
1167 1051 1258 1092 μέγα
1271 1050 1374 1091 νῖγοῦ-

77 1120 170 1147 μαι,
200 1110 239 1140 et
267 1101 364 1146 μέγα
386 1104 528 1146 τίθεμαι.
557 1103 700 1140 Merito
727 1109 859 1140 tamen
887 1102 1049 1141 dubitat
1077 1105 1142 1142 vir
1171 1105 1371 1142 Celeberr.

79 1159 403 1207 probandum-ne
431 1158 483 1194 sit
507 1158 615 1205 apud
647 1159 784 1195 Herod.
807 1159 872 1196 ΙΙΙ.
891 1171 923 1195 c.
943 1167 1030 1204 42.⁹
1053 1159 1160 1208 quod
1180 1159 1373 1209 vulgatur

77 1212 176 1256 μέγα
197 1212 380 1256 ποιεόμενος
398 1213 532 1258 ταῦτα,
565 1225 639 1258 an,
665 1213 770 1261 quod
791 1214 968 1250 offerunt
992 1214 1073 1251 duo
1100 1214 1260 1254 Codices
1275 1241 1285 1259 ,
1312 1230 1373 1257 με-

76 1267 180 1311 γάλα
195 1266 378 1310 ποιεύμενος
395 1268 519 1305 ταῦτα.
537 1269 615 1315 VA
628 1270 692 1305 LC
703 1270 752 1304 K.
765 1288 816 1295 ——
843 1269 938 1307 Alia
951 1269 1084 1306 Nostri
1104 1271 1188 1306 loca
1203 1282 1226 1305 a
1241 1271 1370 1306 VVess.

75 1322 125 1360 ad
144 1325 206 1359 ΙΙΙ.
231 1331 304 1368 42,
337 1335 396 1358 12.
425 1322 562 1365 citata,
598 1334 791 1371 perquam
822 1324 1029 1371 probabile
1058 1324 1161 1360 mihi
1191 1323 1370 1368 faciunt,

75 1375 254 1420 μεγάλα
271 1378 337 1413 hic
356 1389 489 1413 revera
509 1378 559 1413 ab
579 1377 706 1426 ipsius
731 1378 944 1427 Scriptoris
968 1391 1093 1415 manu
1119 1391 1210 1416 esse.
1254 1379 1368 1415 Haud

75 1432 282 1469 immerito
304 1443 398 1469 vero
426 1431 606 1477 mireris,
640 1432 721 1468 duo
748 1432 841 1470 illos
868 1433 1016 1471 codices
1039 1436 1159 1474 Arch.
1187 1439 1227 1470 et
1257 1434 1368 1471 Vind.

73 1487 151 1536 q-ui
171 1488 236 1524 hic
255 1500 276 1524 a
297 1487 450 1523 cunctis
467 1487 561 1523 aliis
588 1487 846 1534 discedentes,
872 1490 990 1532 μέγα
1022 1502 1094 1538 pro
1112 1489 1282 1526 illorum
1309 1505 1368 1531 με-

71 1541 173 1584 γάλα
191 1542 311 1587 dant,
330 1542 483 1578 eosdem
504 1542 577 1578 lib.
595 1544 658 1582 ΙΙΙ.
682 1551 747 1587 42.
766 1542 946 1586 μεγοέλα
967 1545 1083 1590 dare,
1120 1544 1190 1580 ubi
1215 1544 1367 1593 reliqui

73 1609 210 1635 omnes
228 1597 272 1633 in
288 1598 381 1640 μέγα
406 1597 675 1635 consentiunt.
702 1599 763 1634 Ac
781 1599 871 1647 fieri
891 1599 1056 1647 quidem
1077 1606 1203 1648 potest
1227 1605 1273 1636 ut
1293 1601 1367 1636 sal·

74 1653 158 1697 lar,
192 1652 254 1688 sed
276 1652 398 1688 etiam
425 1658 545 1701 atque
566 1653 688 1688 etiam
708 1665 776 1702 ego
800 1654 1001 1702 suspicor,
1026 1655 1211 1694 eumdem
1231 1655 1366 1691 erudi-

73 1711 163 1744 tum
184 1707 307 1743 illum
341 1706 422 1743 sive
451 1708 636 1744 lectorem
657 1707 739 1745 sive
768 1708 1008 1756 librarium,
1039 1710 1106 1747 cui
1127 1711 1280 1746 multae
1299 1710 1366 1747 de-

72 1763 221 1798 bentur
237 1762 422 1798 lectiones
435 1789 444 1807 ‚
461 1775 564 1811 quae
577 1762 861 1803 commodiores
875 1764 1002 1802 videri
1022 1770 1223 1814 poterant,
1240 1778 1362 1813 quam

69 1816 143 1853 hae
162 1816 206 1853 in
227 1830 325 1866 quas
341 1817 490 1865 reliqui
511 1830 646 1855 omnes
665 1818 922 1856 consentiunt
938 1821 1105 1865 codices,
1125 1828 1164 1858 et
1184 1821 1255 1857 hoc
1279 1821 1362 1857 loco

70 1871 279 1917 μεγάλα,
308 1873 414 1921 quod
435 1872 473 1909 ei
490 1873 730 1910 insolentius
752 1874 883 1911 visum
914 1882 1032 1921 esset,
1060 1888 1131 1912 suo
1159 1875 1361 1912 arbitratu
1379 1908 1382 1910 .

70 1926 115 1962 ἰιι
135 1928 227 1969 μέγα
247 1933 439 1972 mutasse,
462 1934 501 1964 et
518 1930 582 1966 111.
600 1936 664 1973 42.
689 1940 818 1977 quum
839 1931 921 1973 μέγ
934 1948 957 1968 α
979 1928 1163 1974 ποιεύμενος
1183 1930 1362 1979 scripsis-

67 1986 126 2018 set
143 1983 349 2019 Herodotus
361 2008 372 2027 ‚
388 1980 530 2025 μεγαλα
550 1984 723 2032 posuisse
735 2009 745 2029 ,
766 1984 872 2032 quod
899 1985 1082 2034 sequenti
1099 1987 1213 2024 ταῦτα
1226 1985 1361 2034 aptius

68 2037 304 2085 respondere
317 2037 533 2076 videretur.
561 2037 609 2077 S.

176 2090 321 2131 CAP·
350 2090 505 2132 CXII.
535 2093 570 2131 5.
601 2092 675 2137 τούς
700 2109 734 2131 τε
763 2094 887 2140 μαζούς
915 2095 1176 2144 ἀποταμοῦσα)
1209 2096 1357 2135 Dirum

65 2145 287 2194 inpotentis
318 2154 524 2185 matronae
554 2148 728 2185 facinus!
763 2151 980 2187 Geminum
1013 2152 1149 2196 aliud,
1178 2163 1226 2187 ex
1245 2151 1359 2199 inpia

62 2200 152 2237 eius
172 2201 367 2251 religione
382 2208 633 2251 susceptum,
653 2203 729 2242 lib.
753 2206 840 2242 VII.
866 2219 879 2241 1
895 2215 955 2251 14.
988 2209 1038 2243 Et
1055 2207 1172 2243 illam
1203 2212 1359 2252 tamen,

66 2255 163 2292 adeo
180 2257 394 2294 effraenata
413 2258 525 2294 rabie
549 2259 755 2295 inmanem
772 2286 782 2304 ‚
809 2261 1089 2298 exsecrabilem
1107 2288 1116 2306 ‚
1144 2261 1282 2300 animo
1302 2262 1358 2297 fa-

64 2310 219 2359 ctisque
254 2313 556 2350 consceleratam
570 2340 580 2359 ‚
618 2314 826 2351 doctorum
868 2316 975 2353 haud
1021 2317 1139 2365 pauci
1177 2317 1355 2365 reginam

65 2366 256 2403 Estheram
292 2378 371 2404 esse
384 2394 394 2412 ‚
431 2368 532 2418 regis
565 2369 748 2406 Ahasueri
778 2376 998 2408 consortem
1034 2371 1109 2408 tori
1146 2367 1164 2419 (
1181 2371 1357 2407 nominis

62 2420 239 2468 quadam
263 2421 495 2470 adfinitate,
523 2423 645 2460 sicuti
670 2424 774 2463 mihi
804 2424 986 2471 videtur,
1005 2425 1166 2476 delusi)
1186 2431 1357 2463 censent.
