1718 2919
485 205 501 219 d

267 239 345 280 338
560 231 1305 277 ADNOTA-TIONES

263 345 293 388 ἐς
311 342 513 386 Ἀθηνοιιίυςτ
545 340 584 379 et
607 342 674 389 εἶχε
702 342 751 380 ἒδν
781 342 887 377 idem
918 340 1069 378 valebit
1092 352 1137 376 ac
1160 337 1228 384 εἶχε
1249 338 1374 382 ἐόντως.
1409 337 1558 375 Vocab.

263 397 367 442 πάθος
386 403 521 435 autem
548 398 654 434 haud
675 397 798 433 dubie
815 409 836 433 e
853 395 1004 433 scholio
1030 395 1248 431 invectum.
1276 391 1321 431 S.
1361 407 1363 410 ·

326 461 386 498 14.
416 451 608 502 αἱρετώτερκ
646 451 723 490 εἶναι
754 449 965 498 μοῖλλον)
1004 450 1237 499 Neglecturn
1268 448 1310 484 in
1344 446 1559 485 Codicibus

263 508 508 557 quibusdam
538 509 673 550 μεῖλλον
698 506 898 543 mordicus
929 512 1062 542 teneo:
1096 503 1264 540 offendit
1285 501 1478 539 librario's
1497 502 1562 538 in-

265 563 452 600 tendendi
482 575 556 598 vox
584 562 808 610 conparatis
834 561 991 605 addita,
1022 559 1081 596 uti
1115 560 1245 595 Thom.
1275 559 1496 607 Magistrum
1521 561 1562 593 et

261 618 363 654 alios
388 617 463 655 isto
482 618 530 654 de
552 629 676 667 grege.
716 616 848 654 Nostri
880 622 998 660 sunt,
1029 614 1164 657 μοῗλλον
1191 611 1402 660 ὀλβιώτερος,
1431 612 1506 648 lib.
1530 613 1561 648 I.

265 673 334 719 32,
363 685 420 717 2.‚
458 671 701 721 κερδκλεῶτερον
735 672 891 715 μᾶλλον,
920 673 986 708 IX.
1016 683 1062 716 7,
1099 682 1153 712 1.‚
1182 681 1203 704 a
1236 669 1348 705 Porto
1373 672 1558 703 enotata:

264 728 460 771 Aeschyli,
490 728 624 768 μὸἲλλον
650 724 862 772 ἐνδικώτερος,
895 725 938 762 in
965 738 1040 763 vn.
1060 737 1093 760 c.
1111 724 1231 759 Theb.
1253 735 1308 759 vs.
1340 722 1454 771 679..
1487 721 1560 757 ubi

264 784 384 831 plura
405 782 637 820 Abreschius.
666 781 782 818 Mitto
803 781 1001 825 Budaeum,
1025 781 1286 826 Nansiumque
1307 777 1351 813 in
1372 776 1563 825 Paraphr.

261 839 391 875 Nonnz'
418 850 449 874 c.
472 851 512 873 1v
526 864 535 881 a
556 837 668 886 259.,
695 835 895 884 siquidem
915 833 1236 872 cumulatissime
1260 834 1490 870 Wetstenius
1510 831 1561 868 ad

262 896 301 930 S.
319 894 439 930 Paulli
458 893 582 940 Epist.
599 891 647 927 ad
669 890 845 939 Philipp.
867 903 898 927 c.
919 905 947 936 1,
967 891 1029 926 25.
1047 890 1179 926 WES
1193 889 1231 926 S.

370 944 515 987 CAP.
540 943 765 986 CXLIV.
786 954 822 990 4.
845 947 872 983 ἐν
892 947 940 994 τῷ
965 942 1093 994 κων-ᾦ)
1125 943 1251 981 Series
1274 943 1345 979 hoc
1365 941 1560 990 requirit,

262 1002 290 1039 ἔν
311 1003 360 1051 τῷ
380 1003 498 1050 κοινῷ,
535 1004 575 1038 in
594 1003 761 1046 aerario;
785 1012 914 1049 neque
944 1002 1122 1037 Reislcium
1142 998 1259 1048 fugit.
1299 998 1393 1034 Tale
1414 997 1564 1048 Thucy·

261 1057 354 1094 didis
378 1058 404 1092 I.
432 1058 496 1092 80.
516 1054 588 1094 οὔτε
613 1057 640 1093 ἔν
669 1058 718 1104 τῷ
743 1057 838 1104 κοινῷ
865 1054 1007 1100 ἕχομενε
1044 1054 1113 1090 ubi
1144 1055 1244 1090 bene
1274 1052 1403 1089 Schol.
1433 1053 1563 1099 ταμείῳ

260 1108 421 1151 δηλονότι.
451 1113 623 1148 Laurium
653 1117 852 1155 montem,
873 1107 962 1161 [lin.
985 1107 1052 1156 5.]
1074 1110 1117 1144 in
1147 1121 1227 1158 quo
1247 1106 1561 1144 Atheniensium

260 1164 590 1215 argentifodinae,
617 1165 768 1213 Λαύρειον
794 1171 832 1201 et
863 1164 1001 1212 Λαύριον
1025 1164 1170 1207 scribi,
1196 1175 1243 1199 ex
1269 1162 1364 1199 aliis
1384 1161 1432 1199 ad
1459 1162 1564 1198 Thu-

260 1222 342 1272 cyd.
360 1223 405 1258 ΙΙ.
425 1221 486 1258 55.
508 1223 667 1257 Dukerus
688 1221 843 1265 docuit,
864 1226 903 1256 et
924 1220 1156 1257 casaubonus
1178 1219 1220 1254 in
1243 1218 1364 1255 Strab.
1386 1220 1452 1254 IX.
1475 1227 1562 1265 pag.

263 1277 354 1312 612.
379 1271 453 1326 [ad
475 1290 514 1324 p.
536 1277 626 1326 599.
647 1287 739 1312 suae
759 1272 880 1326 edit.]
901 1275 1001 1310 hanc
1021 1287 1104 1311 rem
1119 1274 1344 1310 illustrans.
1372 1272 1561 1310 WESS.

313 1331 406 1367 Ibid.
435 1331 482 1368 τοὶ
503 1332 537 1368 ἐν.
568 1332 631 1368 τῶν
658 1329 835 1372 μετ-σίλλων
859 1339 918 1373 σφι
946 1326 1138 1379 πρᾶο-ἦλθε)
1175 1330 1293 1379 Quum
1315 1329 1470 1377 pecunia
1492 1341 1562 1376 pu-

261 1385 372 1431 blica,
392 1400 481 1436 quae
497 1400 539 1422 ezr
553 1388 707 1422 metallis
726 1386 883 1429 redibat,
901 1387 1097 1434 largitione
1111 1387 1391 1433 magistratuum
1406 1389 1561 1433 quotan-

261 1443 316 1477 nis
338 1443 523 1486 inleriret,·
554 1443 613 1477 ille
637 1443 818 1489 persuasit
840 1443 989 1489 papate,
1022 1447 1061 1475 ut
1083 1442 1125 1476 ea
1146 1441 1299 1488 pecunia
1325 1441 1452 1476 classis
1479 1451 1562 1474 cen-

261 1503 337 1532 turn
359 1499 500 1532 navium
515 1497 784 1545 aedificaretur:
810 1496 921 1532 Corn.
941 1495 1263 1544 NeposThemist.
1286 1507 1319 1530 c.
1339 1506 1375 1530 2.
1413 1494 1560 1530 Plutar-

260 1552 346 1587 chus
366 1551 555 1587 Themist.
570 1564 609 1598 p.
632 1565 640 1586 1
659 1551 716 1586 13.
733 1564 763 1586 e.
784 1551 919 1587 cadem
943 1556 1081 1586 narrat
1099 1561 1146 1585 ex
1168 1551 1373 1592 Herodoto,
1389 1546 1446 1589 τῆν
1467 1554 1562 1586 Axv·

260 1605 408 1655 ριωι-ικνῘν
430 1603 584 1653 πρέτοὲεν
607 1618 748 1642 vocans
772 1604 845 1643 nino*
865 1606 929 1643 τῶν
950 1604 1122 1652 α’,ογυρείων
1137 1606 1328 1646 μετ-σίλλων.
1347 1602 1558 1651 Quomodo

261 1661 333 1696 hoc
367 1661 523 1697 civibus
575 1660 836 1708 persuaserit,
883 1666 1121 1708 parataeque
1161 1659 1316 1695 fuerint
1354 1658 1558 1704 triremes,

260 1715 428 1752 aliunde
457 1715 624 1752 tradidit
649 1718 823 1765 Polyaen.
852 1717 878 1751 1.
897 1727 930 1751 c.
953 1716 1017 1752 30.
1047 1728 1084 1762 p.
1105 1716 1167 1759 64.
1211 1716 1270 1757 De
1289 1715 1443 1750 metallis
1463 1714 1562 1750 Lau-

261 1773 399 1808 rioticis
423 1772 472 1808 Is.
491 1771 646 1808 casaub.
667 1771 747 1820 egit
763 1770 811 1806 ad
829 1770 998 1807 Strabon.
1013 1772 1081 1806 IX.
1104 1783 1140 1818 p.
1165 1770 1256 1806 613.
1282 1773 1319 1806 V
1332 1770 1508 1805 ALCK.

321 1827 357 1862 5.
388 1822 553 1873 ὅρχηδδν)
582 1826 823 1862 Laurentius
842 1838 888 1861 ex
910 1826 1087 1876 Hesychii
1109 1831 1147 1860 et
1167 1824 1407 1861 Scholiastae
1433 1823 1561 1859 inter-

262 1886 511 1929 pretamento
529 1878 668 1923 iansdv,
700 1883 835 1917 viritim
856 1883 894 1916 in
919 1883 1081 1929 singulos
1101 1880 1248 1929 puberes
1271 1879 1410 1916 Latine
1427 1878 1558 1915 dedit:

263 1935 376 1983 prius
407 1934 500 1971 satis
522 1936 747 1984 explicabat
782 1935 1012 1985 negotium,
1046 1937 1157 1972 Porto
1190 1941 1294 1971 recte
1327 1933 1557 1979 iudicante,

262 1990 430 2038 eiusque
449 1990 587 2039 ignaro
609 1993 705 2027 Tan.
726 1992 843 2028 Fabro
865 1991 1081 2027 Animadv.
1110 1990 1153 2025 in
1174 1992 1325 2026 Laciani
1348 1988 1450 2025 Tim.
1471 2001 1557 2036 cap.

265 2058 302 2081 2.
322 2041 502 2095 [Timon.
522 2057 553 2081 c.
578 2042 669 2096 37.]
694 2047 762 2082 Illi
785 2043 922 2092 ὄςχκδδν
938 2072 947 2087 ,
975 2045 1089 2093 quasi
1110 2045 1188 2082 κατ’
1211 2044 1334 2092 ἔξχεις,
1363 2046 1420 2093 qui
1440 2057 1556 2080 mares

261 2102 424 2149 virosque
451 2114 513 2136 suo
541 2103 743 2137 testimonio
774 2102 1047 2145 demonstrant5
1079 2100 1175 2135 huic
1204 2098 1281 2135 κατ’
1308 2097 1448 2146 ὄρχους,
1485 2112 1557 2135 una

261 2157 371 2199 serie,
393 2169 461 2190 uno
485 2161 519 2190 et
542 2162 712 2203 perpetuo
740 2157 883 2199 ordine,
904 2162 1024 2203 atque
1045 2155 1100 2190 ita
1119 2156 1275 2191 viritim:
1299 2153 1451 2189 cultius
1471 2153 1559 2202 opi-

261 2222 338 2245 nor
355 2214 394 2245 et
412 2208 560 2257 origini
582 2210 880 2259 congruentiuS.
905 2207 1120 2260 [Eamdem
1137 2208 1332 2258 originem
1350 2208 1436 2245 voci
1457 2209 1557 2251 (me-

262 2264 366 2308 rito,
394 2270 439 2299 ut
467 2264 570 2299 mihi
596 2263 774 2312 videtur)
809 2264 956 2300 tribuit
987 2265 1131 2310 Heish]
1175 2263 1363 2299 Ridicule
1386 2267 1558 2300 Morellus

261 2315 435 2368 (quidni
455 2319 565 2355 enim
586 2319 647 2355 his
667 2318 917 2367 accederet?)
945 2319 1017 2355 illa
1037 2319 1183 2355 Libanii
1205 2319 1274 2355 Or.
1298 2319 1346 2355 de
1370 2319 1556 2355 saltator.

261 2386 301 2421 p.
325 2374 415 2409 512.
433 2386 463 2409 c.
490 2370 599 2422 ἓιέπερ
620 2376 678 2411 καὶ
705 2374 851 2418 τοῦνομα
882 2377 947 2416 τοῖς
978 2373 1180 2421 immtatis,
1214 2372 1287 2411 ola—0¹
1316 2374 1381 2411 τῶν
1403 2374 1432 2410 ἒν
1458 2373 1555 2422 α’,εχῇ

260 2429 331 2475 πεξῖ
351 2426 427 2470 τούς
455 2425 571 2475 ὄρχους
587 2427 819 2476 σκιρτημάτων
834 2454 844 2470 ,
873 2435 907 2464 et
929 2443 971 2464 ea
988 2435 1139 2477 propter
1171 2442 1298 2465 nomen
1319 2429 1556 2465 saltatoribus

261 2483 385 2519 datum
407 2496 431 2518 a
460 2484 626 2532 tripudiis
655 2486 751 2519 circa
789 2486 1054 2521 testiculos
1087 2485 1257 2521 salientes
1285 2487 1324 2520 in
1345 2485 1557 2533 primordiis

260 2540 353 2578 artis
382 2537 524 2575 Latina
546 2538 652 2576 fecit.
678 2539 853 2581 WESS.
