1718 2919
288 226 370 256 ,120
573 214 1323 254 ADNOTATIONES

290 319 332 362 εἷς
357 323 567 361 Σαλαμῖνα.
597 326 683 368 post
715 319 791 356 sata
821 321 888 356 abs
917 331 1058 369 magno
1087 318 1317 355 Alexandro
1343 329 1387 354 ea
1421 321 1586 367 propter

290 375 446 412 cultus.
474 374 518 410 in
550 376 644 411 Plut.
670 375 787 411 Alex.
810 388 846 422 p.
868 375 960 411 685.
982 389 1018 410 D.
1056 374 1261 411 Nimirum
1283 373 1366 409 suis
1391 372 1586 409 instruxit

291 429 470 478 inpensis
490 441 629 466 navem
646 456 656 473 ,
685 430 808 478 inque
825 442 909 465 eam
930 428 1198 473 Crotoniatas,
1231 436 1315 464 tum
1349 428 1391 463 in
1420 429 1583 464 Graecia

291 484 610 533 peregrinantes,
637 484 841 532 inposuit,
870 484 1206 532 quemadmodum
1226 482 1331 531 apud
1354 484 1514 519 Pausan.
1533 484 1582 519 X.

293 549 347 589 9.;
372 540 607 576 Crotoniatas
641 547 776 575 autem
806 541 1031 576 Achaeorum
1059 542 1204 575 colonos
1236 537 1425 574 describit
1449 538 1580 575 Strabo

291 593 367 630 lib.
387 596 457 633 VI,
477 608 514 642 p.
535 606 626 639 402.
645 609 677 630 B.
697 591 707 642 Ι
727 607 764 642 p.
787 595 877 631 262.
897 594 957 631 ed.
977 590 1090 644 Cas.]
1112 593 1239 631 WES
1251 594 1287 629 S.

402 646 547 688 CAP·
565 647 806 687 XLVIII,
830 650 851 685 6
867 663 939 699 seq.
965 647 1116 697 Ἀριθμδς
1135 670 1150 676 -
1169 669 1186 676 ·-
1207 647 1225 685 ἆ
1245 648 1317 690 παῖς
1335 647 1396 683 τᾶν
1417 646 1488 683 νεῶν
1507 665 1582 675 ··-

290 702 475 752 τριηκόσιαι
498 706 556 741 xx)
582 702 805 745 ἑβδομήκοντκ
837 707 894 741 xxi
925 700 1057 752 ὀκτώ.)
1089 704 1256 741 Nullam
1286 701 1345 737 liis
1378 701 1582 745 numeris,

293 759 447 795 tametsi
475 758 518 794 in
554 759 635 794 alia
661 758 797 795 omnia
816 761 1068 795 abeantcum
1097 760 1207 795 Valla
1231 756 1367 804 scripti
1393 755 1583 806 quidam,

233 838 236 840 v
291 814 407 850 litem
429 825 575 850 moveo.
603 815 858 862 Repetuntur
883 814 936 850 ita
953 826 1037 862 cap.
1058 815 1143 856 82„
1175 819 1220 849 ut
1240 812 1288 848 de
1311 811 1438 847 auctis
1457 810 1585 847 demi-

292 868 451 912 nutisve
478 869 652 916 suspicio
680 875 797 905 cesset
822 869 967 906 omnis.
1014 871 1134 905 Error
1161 881 1199 904 se
1231 874 1361 903 tamen
1387 865 1585 914 inplicuit

291 924 487 972 catalogo,
525 936 646 971 quem
675 937 793 972 supra
824 925 1002 972 Scriptor
1027 924 1156 968 dedit,
1193 922 1382 966 navium,
1414 933 1494 957 non
1523 932 1587 957 ae-

292 986 443 1027 quante
464 979 563 1014 hanc
589 992 802 1015 summam.
831 979 907 1015 Ubi
927 990 1019 1015 vero
1041 985 1079 1015 et
1101 979 1143 1014 in
1165 977 1281 1014 cuius
1309 976 1448 1024 populi
1470 988 1586 1013 naves

292 1033 522 1081 irrepserit,
558 1047 635 1070 non
667 1034 817 1070 divino.
847 1035 1027 1072 WESS.
1048 1055 1097 1060 —
1140 1034 1357 1070 Graecorum
1381 1033 1506 1068 classis
1535 1032 1586 1067 ad

291 1091 478 1125 Salamina
505 1089 568 1124 hic
599 1092 739 1125 navium
767 1090 886 1126 fuisse
909 1089 1062 1125 dicitur
1084 1088 1313 1125 triremium
1345 1094 1585 1123 trecentarum

291 1146 526 1193 septuaginta
543 1151 577 1180 et
595 1152 697 1189 octo,-
723 1144 783 1180 sed
806 1145 837 1180 si
859 1144 987 1181 sedeas
1005 1144 1052 1179 ad
1081 1144 1276 1185 calculos,
1301 1141 1482 1190 quidque
1503 1141 1587 1178 sin-

293 1199 410 1248 gulae
433 1198 617 1235 dederint
645 1200 822 1236 civitates
854 1200 967 1235 iuxta
994 1211 1036 1235 e.·
1057 1200 1103 1243 43
1132 1211 1238 1247 seqq.
1266 1198 1308 1233 in
1333 1210 1455 1233 unam
1476 1209 1585 1233 sum·

293 1266 401 1290 mam
435 1254 664 1295 contrahas,
693 1254 876 1291 conficies
907 1254 949 1289 in
982 1253 1215 1290 universum
1246 1253 1442 1289 duntaxat
1468 1263 1583 1287 naves

294 1321 460 1346 cchxv1.
490 1310 569 1345 Iam
591 1322 682 1345 vero
705 1321 751 1345 ex
771 1310 889 1346 Arch.
913 1309 1009 1346 Cod.
1029 1308 1142 1346 nobis
1162 1308 1224 1344 hie
1248 1308 1478 1345 offeruntur
1502 1319 1583 1342 non

269 1387 274 1390 -
296 1376 527 1405 cccrxxvnn
563 1365 624 1400 sed
664 1370 821 1400 tantum
858 1377 1043 1408 cccrvui,
1079 1363 1170 1402 ὁκτώ
1206 1365 1264 1401 καὶ
1289 1361 1493 1402 πεντήκοντα
1524 1363 1583 1399 καὶ

295 1416 500 1466 τρικκᾶσικιι
529 1418 774 1467 totidemque
796 1426 973 1467 repertae
990 1418 1147 1455 suntin
1169 1417 1263 1456 Cod.
1288 1419 1431 1454 Vallae.
1460 1416 1500 1454 Si
1518 1416 1583 1453 vel

293 1473 428 1510 eadem
451 1475 640 1521 praebent
657 1474 731 1510 alii
753 1474 933 1519 Codices,
955 1474 1100 1510 habent
1121 1474 1214 1517 illa,
1240 1484 1302 1508 rue
1327 1471 1480 1516 iudice,
1499 1482 1585 1519 spc-

293 1528 393 1564 ciem
419 1535 576 1565 tantuin
590 1557 599 1573 ,
616 1535 654 1566 et
672 1536 768 1566 sunt
787 1529 1030 1566 correctoris.
1059 1529 1276 1577 Scripserat
1296 1528 1520 1571 Herodotus,
1539 1531 1584 1562 ut

293 1583 358 1619 hic
384 1585 598 1633 vulgatur.
631 1598 860 1622 CCCLXXVIII.
888 1584 1013 1622 Venit
1030 1584 1139 1620 enim
1162 1583 1209 1619 ad
1236 1589 1404 1627 ceteras,
1431 1588 1587 1631 praeter

294 1638 522 1682 Lemniam,
543 1638 671 1688 (Vlll.
691 1652 776 1688 cap.
800 1638 889 1685 11.)
914 1639 1026 1675 navis
1046 1651 1067 1675 e
1086 1642 1191 1675 Teno
1213 1638 1351 1674 missa:
1382 1637 1454 1673 hae
1480 1636 1583 1672 duae

294 1706 511 1730 numerum
535 1707 709 1732 CCCLXXX.
737 1696 908 1743 explesse
928 1697 1068 1732 Nostro
1093 1694 1290 1730 dicuntur
1308 1692 1416 1729 infra
1440 1704 1474 1729 c.
1495 1694 1582 1737 82„

295 1748 506 1796 ἐξεπληροῦτο
526 1748 565 1786 τ’)
591 1749 744 1787 vavi-indu
765 1753 848 1787 nfra
861 1748 1005 1787 “Eanum
1026 1750 1054 1792 ἐς
1073 1748 1136 1792 τοὶς
1162 1745 1350 1791 ὀγδώκοντα
1375 1749 1434 1784 καὶ
1453 1762 1582 1795 τριηκο-

294 1804 369 1846 σίας
395 1804 492 1845 νὲκςε
514 1810 560 1839 ut
577 1804 671 1840 adeo
688 1805 720 1840 is
740 1816 932 1841 numerus
955 1811 1156 1852 suspectus
1178 1815 1256 1840 esse
1275 1807 1458 1851 nequeat.
1490 1801 1587 1838 Ubi-

294 1870 388 1894 nam
408 1858 545 1906 itaque
563 1860 655 1895 vitii
685 1859 788 1896 sedes
810 1859 888 1896 erit
914 1859 1139 1907 quaerenda
1154 1866 1170 1895 Ρ
1202 1857 1281 1894 nisi
1302 1858 1448 1901 fallor,
1465 1868 1498 1893 c.
1517 1856 1583 1901 46.

293 1912 585 1965 ἱηχΑεςίῃεῐίεε
607 1915 649 1949 hi
673 1926 751 1950 non
773 1927 850 1951 xxx
866 1944 874 1958 ‚
895 1915 957 1951 sed
977 1914 1126 1950 dedisse
1146 1925 1262 1950 naves
1279 1913 1470 1949 videntur
1487 1924 1584 1948 xnu.

293 1967 554 2006 Athenienses
592 1969 788 2006 dederunt
818 1981 932 2006 naves
960 1982 1101 2010 chxxz
1143 1967 1347 2006 Corinthii
1381 1982 1442 2009 xm
1475 1967 1587 2014 plus-

293 2035 415 2070 quam
437 2037 496 2060 Χῖ..
514 2023 712 2061 dederunt
734 2025 969 2074 Aeginetae3
996 2037 1088 2061 nam
1117 2029 1203 2072 post
1220 2021 1481 2060 Athenienses
1499 2034 1584 2058 ma-

293 2077 451 2113 ximum
472 2078 611 2114 dedere
638 2080 802 2116 navium
825 2092 1056 2116 numerum.
1085 2082 1143 2116 En
1166 2084 1324 2122 testem,
1340 2078 1412 2126 qui
1436 2077 1584 2126 legerat

291 2133 518 2169 Herodotum
535 2141 733 2179 accurate,
748 2136 984 2179 Pausaniam,
1002 2135 1043 2170 in
1062 2133 1244 2171 Corinth.
1262 2145 1300 2180 p.
1322 2146 1333 2168 1
1346 2134 1410 2179 78.
1430 2128 1523 2183 [lib.
1535 2134 1582 2169 ΙΙ.

293 2199 325 2222 c.
349 2187 438 2236 29.]
462 2187 720 2233 scribentem,
743 2189 953 2238 Aeginetas
975 2190 1002 2227 ἐν
1023 2190 1071 2238 τῷ
1090 2186 1230 2234 Μηδικῷ
1251 2188 1386 2235 πολέμῳ
1407 2188 1582 2235 παρασχέ-

293 2241 366 2278 σθαι
386 2245 491 2280 πλοῖα
509 2241 600 2283 μετοέ
618 2259 657 2286 γε
675 2244 857 2286 Ἀθηναίους
873 2247 1029 2281 πλεῖστοι.
1063 2246 1141 2280 lam
1156 2255 1248 2279 vero
1268 2242 1429 2279 numeri
1448 2248 1583 2290 postu·

273 2336 276 2340 ⁴
293 2296 380 2332 lant
400 2297 629 2342 Herodotei,
651 2306 696 2335 ut
716 2299 899 2335 dederint
919 2301 1006 2335 duas
1031 2306 1064 2335 et
1084 2299 1343 2348 quadraginta.
1362 2298 1583 2334 VALCK.

347 2347 413 2400 [Si
434 2354 658 2388 Herodotum
677 2354 759 2401 ipse
774 2354 957 2390 edidisset
976 2355 1230 2390 Valckenarius
1243 2382 1252 2397 ‚
1265 2365 1345 2389 non
1359 2357 1456 2401 puto
1469 2352 1584 2400 equi-

291 2405 381 2442 dem
400 2419 596 2443 ausurum
619 2408 738 2444 fuisse
758 2409 930 2453 Virum,
954 2415 999 2445 ut
1020 2408 1317 2452 doctissimum,
1339 2407 1394 2444 sic
1411 2407 1585 2455 pruden-

293 2461 517 2507 tissimum,
543 2475 655 2499 suam
676 2463 792 2500 istam
816 2464 1109 2509 coniecturam,
1133 2463 1317 2512 quamvis
1338 2461 1584 2502 certam,sibi
