1718 2919
290 250 385 290 An
429 247 950 288 HERODOT.V1.
980 249 1144 298 39-91.
1281 248 1360 289 213

73 354 217 393 tradita
237 352 489 403 significandi
510 352 750 391 differentia.
784 353 914 400 Quam
930 352 1133 401 portabant
1152 351 1360 399 praedam,

74 411 193 457 Φέρεινε
235 421 357 457 quam
382 422 473 457 prae
498 422 535 444 se
562 408 740 457 agebant,
765 406 946 442 iumenta
976 417 1138 454 nempe,
1163 405 1360 442 dicuntur

74 462 167 506 οἴγειν
190 479 197 498 :
234 463 315 499 sive
352 464 498 511 Φέρεσθαι
530 461 575 499 ru*
610 459 848 506 βασταζόμενα
862 487 872 505 ,
906 458 1046 502 ducem
1079 460 1125 498 τοτ’
1161 457 1358 499 &affin-‘nux'-

73 518 180 567 Quia
207 517 386 553 iumenta
418 517 669 564 potissimum
704 515 886 563 praedam
909 515 1153 559 efficiebant,
1174 514 1360 562 frequen-

47 593 50 595 >
70 577 132 610 ter
158 572 308 621 legitur
332 570 388 611 triv
404 573 493 609 λείοιν
514 569 606 613 οἴγειν
626 576 664 607 et
686 569 837 607 ἐλαύνειν.
865 570 1023 606 VALC
1038 571 1086 605 K.

184 625 329 666 CAP.
348 623 478 665 XCI.
506 634 542 669 [4.
565 622 841 671 ἐκᾶύο-οισθοιι)
863 625 990 660 Suidas
1010 623 1105 659 hinc
1124 622 1359 661 Ἐκθύσαο-θοιι·

74 680 305 725 ἔξιλεῶσασθαι
324 686 381 717 καὶ
401 679 658 723 ε’κ,ιιειλι’ξαο·9αι.
693 678 870 715 Obvium
896 690 1056 727 quoque
1077 678 1120 713 In
1143 690 1360 726 procuran-

69 735 132 772 dis
157 736 364 772 ominibus
391 741 430 770 et
463 733 668 783 prodigiis.
705 735 776 770 Dio
811 734 914 770 Cass.
941 734 1036 770 XLI.
1074 729 1134 782 [c.
1165 740 1210 777 14
1229 728 1360 782 extu]

71 803 215 840 p.179.
235 805 272 826 1).
290 788 373 828 οὗὲἒν
395 788 602 831 ἕξεθύσοιντο,
633 791 766 824 nullum
786 789 1035 837 prodigiorum
1054 789 1208 836 piaculis
1227 800 1361 836 procu-

70 852 255 882 raverunt.
285 846 452 895 Synesius
473 847 633 880 Encom.
651 842 797 880 Calvit.
815 856 851 890 p.
869 852 932 888 714.
955 856 988 878 Β.
1007 839 1058 883 οὓς
1077 843 1103 879 οἱ
1122 839 1363 889 τερατοσκόποι

70 901 130 938 καὶ
148 899 176 936 οἷ
194 898 329 942 μα’ντεις
347 898 576 936 ἔκθύονται.
604 900 726 946 Iunge
742 898 910 933 Eustath.
931 896 977 932 ad
996 899 1153 934 Homer.
1179 909 1217 943 p.
1237 895 1335 932 1223
1349 921 1360 940 ‚

76 955 139 990 51.
157 950 216 1004 [p.
238 955 353 997 1306,
376 966 434 1003 ¹9·
454 953 512 990 ed.
532 949 631 1002 Bas.]
661 953 839 989 WESS.

123 1010 217 1046 lbid.
245 1006 327 1051 οἵγος
346 1029 363 1036 -
380 1028 430 1037 --
455 1004 738 1056 ἐκθύσασθαι)
768 1008 918 1055 Impium
935 1008 1045 1042 scelus
1071 1006 1256 1054 eaepiare
1278 1016 1356 1040 non

68 1069 304 1112 potuerunt.
349 1065 393 1099 In
423 1061 600 1098 eamdem
626 1061 863 1098 sententiam
889 1060 1042 1096 dicitur
1063 1059 1162 1103 ςοόνου
1180 1057 1262 1102 ἄγος
1281 1059 1362 1096 ε’κνί.

70 1120 224 1163 abadon:
265 1117 328 1154 sed
359 1129 406 1153 ex
431 1116 624 1166 sanguine
642 1116 836 1164 supplicis
855 1121 1040 1163 concepta
1059 1115 1216 1150 macula
1241 1114 1360 1149 nullo

67 1173 186 1210 modo
216 1172 349 1221 potuit
375 1172 474 1208 elui.
503 1171 583 1219 Qui
604 1171 793 1207 lustravit
813 1171 988 1207 Athenas
1007 1168 1282 1217 Epimenides,
1301 1167 1358 1206 viv

69 1226 171 1266 πόλιν
189 1226 341 1264 dicitur
360 1226 573 1268 ἐκθυσάμενος
589 1227 750 1262 Maximo
773 1227 864 1276 Tyr.
882 1226 1100 1261 XXXVIII.
1122 1224 1157 1260 5.
1197 1221 1359 1272 Signifi-

67 1281 174 1319 cavit
198 1280 472 1320 είἘκθύο-ασθαι
493 1281 596 1317 iram
618 1282 794 1317 Deorum
815 1282 969 1329 piaculis
998 1279 1079 1315 sive
1106 1279 1259 1314 victimis
1276 1279 1360 1326 pla·

68 1350 152 1374 care
166 1337 433 1386 piacularibus.-
461 1333 716 1379 ἐξιλεοζ-ο-αο-θαι,
740 1335 986 1378 ἐκμειλίξασθοιι
1006 1335 1132 1370 Suidas
1162 1332 1359 1380 interpre-

69 1397 196 1429 tatur.
230 1395 310 1428 Hoc
329 1403 444 1427 sensu
471 1389 646 1438 positum
673 1391 835 1438 Euripidi
856 1390 951 1425 latet
976 1387 1083 1436 apud
1114 1388 1224 1424 Clem.
1250 1390 1355 1424 Ales.

70 1447 217 1484 Strom.
237 1450 290 1484 V.
320 1459 358 1494 p.
381 1447 456 1481 688
473 1472 481 1489 ,
499 1458 562 1491 27.
581 1441 639 1494 [p.
656 1453 746 1489 424.
764 1459 798 1481 B.
819 1444 880 1481 erl.
899 1443 1020 1492 Lugd.
1035 1444 1117 1479 Bat.
1141 1438 1281 1491 1616.]
1310 1440 1354 1477 in

70 1499 311 1544 ἐκθησοιμένοιςε
333 1500 450 1537 cuius
466 1501 550 1536 loco
565 1499 671 1548 quod
687 1501 834 1536 Grotius
850 1499 986 1534 minus
1003 1497 1246 1534 considerate
1264 1495 1361 1531 scri-

69 1562 200 1604 pserat
218 1549 252 1593 εῧ
271 1556 468 1598 θεασαμένοις
482 1580 492 1596 ,
518 1566 567 1590 ne
583 1556 776 1591 Graecum
797 1553 961 1602 quidem
980 1552 1022 1588 in
1042 1549 1113 1588 tali
1133 1556 1334 1587 structura
1347 1576 1359 1595 ,

68 1612 263 1647 Barnesius
289 1609 402 1646 nobis
424 1614 691 1657 repraesentat
709 1614 754 1644 ut
777 1607 1043 1656 Euripideum
1067 1609 1109 1643 T.
1127 1608 1174 1643 ΙΙ.
1204 1619 1243 1654 p.
1266 1605 1356 1641 510.

68 1678 125 1702 vs.
144 1666 235 1710 243.
273 1665 453 1713 Euripidis
473 1663 674 1712 anapaesti
700 1663 755 1699 sic
774 1663 896 1699 scribi
922 1667 1112 1710 poterunt
1130 1659 1356 1696 emendate:

73 1721 219 1765 Πέμψον
240 1722 298 1762 μέν
324 1720 394 1762 Φῶς
413 1720 540 1764 ψυχοῗς
563 1717 678 1766 οἷνέρων
696 1721 774 1760 Τοῖς
791 1718 996 1759 βουλομένοις
1022 1713 1140 1758 οἵθλους
1159 1714 1355 1763 προμαθεῖν,

72 1772 176 1812 Πόθεν
203 1772 381 1813 ἔβλαστον.
417 1776 465 1815 τίς
495 1773 564 1819 ρ’ίξα
589 1773 714 1810 κακῶν·
754 1774 840 1810 Τίνα
871 1769 920 1808 δεῖ
939 1768 1099 1819 μακάρων
1128 1770 1359 1812 ἐκθυσαμένους

72 1828 182 1877 Εὖρεῖν
208 1827 344 1873 μόχθων
371 1825 589 1864 οἷνοίπαυλαν.
623 1828 835 1864 VALCK.

127 1896 165 1930 7.
193 1882 305 1926 ε”ξῆγσν
337 1880 387 1925 ὦς
412 1878 625 1930 α’πολέοντες)
655 1882 700 1917 In
722 1879 978 1930 praegressis,
1005 1878 1119 1923 ἐξῆγον
1146 1876 1355 1919 οἶπολέοντες;

69 1943 376 1986 sequunturque
390 1936 470 1972 duo
485 1935 605 1973 Codd.
625 1936 665 1978 ὣς
677 1935 910 1972 contemtim
927 1935 1126 1970 habentes.
1156 1931 1228 1969 Sed
1248 1931 1359 1967 enim

67 1993 231 2030 voculae
258 2003 390 2039 saepe,
427 1991 498 2026 ubi
530 1990 616 2026 sine
646 1990 887 2027 detrimento
917 1988 1174 2031 reticeretur,
1203 1998 1272 2022 sua
1299 1985 1360 2022 vis

71 2058 247 2095 suusque
266 2047 380 2094 lepor
397 2052 467 2083 est.
501 2045 694 2094 Superius
713 2058 746 2082 c.
765 2047 827 2082 28.
856 2041 1011 2085 διαβαίνει
1039 2063 1057 2071 -
1076 2063 1093 2070 -
1111 2062 1129 2070 -
1156 2040 1196 2084 ὥς
1221 2038 1360 2083 ἀμήτων

77 2099 134 2138 τᾶν
154 2104 253 2139 σῖτον.
280 2102 387 2138 Plato
403 2103 555 2138 Menex.
577 2113 614 2148 p.
634 2109 724 2144 240.
745 2115 781 2137 1).
802 2099 984 2142 νῖγγέλλετο
1002 2094 1160 2138 βασιλεῦς
1172 2092 1361 2133 διανοεῖσθαι

80 2154 129 2197 ὥς
153 2154 360 2203 ἔπιχειρῆσων
380 2153 485 2192 πάλιν
502 2156 554 2192 ἐπὶ
576 2154 651 2198 τούς
663 2152 845 2196 Ἕλληνας.
881 2154 1040 2190 Pausan.
1057 2153 1188 2189 Boeot.
1206 2161 1312 2197 capa
1324 2149 1362 2186 3.

79 2222 119 2257 p.
145 2210 234 2256 757.
260 2207 514 2252 Λακεδαιμόνιοι
540 2230 557 2237 -
576 2229 594 2236 -
619 2207 692 2251 τούς
712 2209 884 2250 τεθνεῶτας
905 2204 1072 2245 διενοοῦντο
1099 2205 1146 2248 ὦς
1175 2202 1361 2246 θάψοντες.

74 2264 195 2300 Plura
213 2263 283 2299 hoc
294 2264 342 2300 de
356 2275 496 2313 genere
511 2263 732 2300 transmisit
750 2263 812 2300 Cl.
827 2262 1064 2305 Abreschius,
1084 2259 1234 2308 quibus
1253 2258 1364 2294 locus

73 2317 175 2355 alibi
195 2319 472 2365 opportunior.
510 2321 601 2355 Mox
619 2315 944 2362 ἐπιλαμβανόμενος,
968 2312 1052 2366 [lin.
1069 2310 1131 2366 9.]
1159 2318 1363 2360 tantopere

74 2385 97 2409 a
129 2373 214 2409 Cel.
243 2372 422 2415 Gronovio
455 2373 665 2409 laudatum
683 2399 693 2417 ‚
727 2371 900 2420 pristino
914 2397 924 2415 ‚
958 2370 1140 2408 Eustathii
1175 2367 1365 2404 citatione

76 2427 197 2464 etiam
224 2427 405 2473 munito,
425 2428 531 2464 haud
557 2427 700 2476 utique
722 2425 1017 2476 significantius
1042 2421 1183 2475 [quam
1203 2420 1365 2460 ἐπιλαβό-

72 2478 180 2532 μενος]
203 2486 272 2518 est.
318 2482 389 2518 Sed
419 2488 638 2530 perseveret
662 2482 706 2518 in
726 2492 881 2529 nupera
912 2479 1162 2528 possessione.
1201 2475 1365 2524 Optime
