1718 2919
1383 254 1409 294 3

130 349 1393 393 &mommmfflmwmmm

342 553 1177 612 ADNOTATIONES

711 705 803 743 AD

149 827 573 874 HERODOTI
610 826 914 875 LIBRUM
952 826 1360 896 QUINTUM.

116 987 271 1049 CAP.
293 1008 331 1048 I.
355 1011 389 1046 5.
420 1011 464 1048 Οἱ
491 1009 557 1058 γσὶρ
578 1005 618 1047 εἶν
641 1008 715 1048 olm-0¹
746 1005 961 1060 Στρυμόνος)
993 1012 1099 1047 Mera
1130 1011 1225 1047 haec
1256 1024 1408 1048 nonne.

111 1065 216 1101 mini
238 1065 462 1114 stribiligo:
497 1066 630 1101 locum
650 1065 760 1100 enim
785 1064 926 1101 misere
946 1077 1026 1101 esse
1053 1066 1288 1102 lacunosum
1304 1096 1314 1112 ,
1337 1067 1405 1103 cui

109 1120 312 1156 sarciendo
335 1121 501 1156 nullum
525 1132 634 1156 nunc
655 1120 892 1156 remedium.
922 1120 1024 1157 Mihi
1038 1120 1119 1156 alia
1138 1133 1263 1157 mens.
1295 1121 1405 1170 Quid

108 1174 217 1210 illud
240 1175 397 1211 tandem
414 1201 423 1220 a
444 1175 549 1210 unde
566 1176 733 1211 lacunae
751 1174 924 1222 suspicio
937 1182 951 1210 Ρ
971 1175 1210 1211 Uberior-ne
1226 1176 1275 1212 de
1292 1178 1406 1214 Paeo-

109 1229 210 1267 nibus
233 1229 569 1266 conmemoratio?
598 1231 654 1266 At
681 1229 754 1265 illa
776 1229 1030 1265 conmodiore
1056 1231 1141 1266 loco
1167 1236 1205 1266 et
1228 1237 1406 1279 tempore

106 1297 189 1332 cap.
217 1298 228 1320 1
242 1297 275 1321 2.
295 1291 505 1333 sequetur;
523 1297 645 1333 quam
664 1284 729 1320 nic
748 1284 781 1320 si
803 1284 1068 1332 deposuisset,
1091 1285 1251 1335 longius
1270 1287 1321 1322 ab
1342 1286 1406 1322 in-

105 1339 248 1376 stituto
275 1340 323 1375 de
345 1340 541 1376 Perinthiis
566 1351 746 1375 sermone
774 1340 1002 1375 aberrasset.
1041 1343 1196 1377 verum
1223 1340 1403 1378 abstineo

106 1406 170 1430 me
194 1394 238 1430 in
261 1406 302 1430 re
322 1394 449 1430 cuivis
476 1394 738 1442 apertissima.
769 1395 945 1432 WESS.

168 1462 227 1496 17.
252 1451 303 1487 νῦν
330 1448 477 1497 ἡμέτερον
497 1449 537 1487 ro*
567 1445 689 1499 ἔργον)
729 1450 850 1486 Docte
884 1451 1140 1487 Valckenarius
1170 1450 1273 1487 hanc
1302 1451 1404 1488 illu-

105 1504 246 1541 stravit
263 1503 479 1540 dictionem
499 1504 547 1539 ad
569 1504 722 1553 Tragici
747 1505 941 1541 Phoeniss.
971 1518 1026 1542 vs.
1050 1514 1143 1552 [447.
1174 1506 1404 1542 Eustathia-

107 1571 207 1595 num
232 1561 508 1596 παιωνίσασι
536 1556 627 1609 [lin.
652 1556 738 1608 18.]
764 1559 924 1596 Codices
942 1565 1201 1604 aversantur,
1218 1573 1301 1597 non
1320 1574 1403 1598 ma-

107 1613 195 1648 lum
217 1613 395 1661 alioqui,
426 1619 465 1648 et
488 1626 579 1650 cum
608 1614 793 1663 vulgato,
822 1614 1045 1650 scribarum
1071 1614 1262 1659 arbitrio,
1296 1617 1404 1652 mul-

107 1667 286 1704 tifariam
307 1673 585 1704 conmutatum
612 1669 718 1716 apud
748 1670 810 1705 CI.
831 1671 1008 1705 Dukerum
1031 1669 1078 1705 ad
1101 1670 1308 1720 Thucydid.
1327 1671 1403 1708 lib.

100 1724 135 1761 J.
157 1722 218 1760 50.
240 1730 279 1758 et
299 1724 495 1759 Diodorum
513 1724 613 1759 XIII.
640 1724 699 1759 16.
726 1725 836 1759 Forte
858 1730 989 1759 tamen
1012 1725 1181 1760 Eustath.
1201 1726 1404 1763 παιωνίσασι

102 1777 254 1823 voluit⁷
277 1777 319 1812 in
340 1790 421 1825 quo
440 1782 479 1813 et
498 1780 632 1820 Παίσνες
651 1777 851 1826 liquidior
869 1777 1080 1826 παρῆχκσις,
1111 1780 1160 1814 ab
1181 1790 1225 1815 eo
1247 1785 1400 1825 notata,

105 1845 228 1881 quam
248 1832 411 1881 quidem
433 1832 572 1868 altero.
603 1833 744 1869 Statim
765 1849 791 1869 π
805 1834 947 1870 ολλῶν
974 1849 1007 1870 τε
1025 1834 1141 1869 Arch.
1161 1846 1241 1870 non
1262 1835 1404 1871 absur-

103 1887 201 1923 dum
217 1888 267 1923 ob
288 1899 528 1935 consequens
550 1887 698 1930 ὀλίγους,
725 1887 803 1923 nisi
824 1888 869 1922 in
887 1887 1009 1924 Musis
1029 1887 1156 1925 πολλόν
1171 1888 1300 1924 sedem
1319 1901 1401 1926 cre-

102 1942 276 1978 berrime
295 1947 518 1989 occuparet.
550 1944 607 1980 W
619 1944 650 1978 E
660 1943 683 1978 S
694 1943 730 1979 S.

158 1999 226 2033 ⁷18.
254 1999 523 2035 παιωνίσασι
553 1997 762 2044 ἐπιχειρέουσι
785 1997 812 2034 οἵ
835 1993 1000 2047 Παίονες)
1039 1999 1084 2033 In
1115 1997 1176 2033 his
1195 1998 1398 2036 observata

107 2050 295 2099 παρέχῃς-ις
321 2052 513 2088 Eustathio
537 2051 579 2086 in
602 2050 716 2087 Iliad.
735 2050 781 2091 β’.
802 2064 886 2100 pag.
909 2065 981 2098 272
999 2078 1009 2095 ,
1032 2065 1096 2088 22.
1124 2059 1180 2088 est
1201 2052 1275 2089 illa
1296 2060 1401 2091 certe

106 2105 295 2151 fortuita,
317 2107 478 2154 qualem
499 2105 600 2141 alibi
620 2106 725 2141 dixit
755 2106 791 2144 ου’
810 2103 1069 2144 σπουδασθεῖσαν
1089 2104 1186 2149 ἴσως,
1218 2106 1300 2145 ἀλλ’
1326 2109 1400 2158 εἶκῇ

108 2162 166 2197 καὶ
184 2160 243 2199 οὗκ
262 2162 298 2199 ἐκ
324 2161 486 2208 περιέργου
508 2161 786 2208 παραπεσοῦσαν,
809 2160 851 2195 in
878 2161 952 2197 Od.
971 2164 994 2198 ι’.
1020 2175 1058 2208 p.
1085 2161 1159 2197 366
1174 2189 1184 2206 7
1209 2175 1220 2196 1
1235 2164 1271 2200 8.
1309 2164 1401 2199 Stu-

108 2213 213 2251 diose
231 2215 429 2263 quaesitas
461 2215 771 2259 recentioribus,
803 2215 1058 2251 commodum
1089 2216 1240 2253 oblatas
1268 2218 1402 2254 allite-

110 2270 281 2306 rationes
317 2283 396 2306 non
431 2282 591 2317 prorsus
622 2270 828 2306 evitarunt
861 2277 1026 2307 veteres.-
1068 2277 1224 2318 praeter
1254 2278 1400 2309 ceteros

108 2325 267 2361 Reiskius
298 2331 390 2372 apta
419 2324 613 2372 quaedam
646 2336 731 2360 eam
762 2325 805 2360 in
843 2338 928 2361 rem
957 2325 1119 2374 collegit
1152 2326 1197 2361 in
1230 2326 1400 2365 Miscell-

107 2378 211 2426 Lips.
229 2382 326 2416 Nov.
344 2382 413 2416 VI.
439 2392 477 2426 p.
505 2393 516 2414 1
532 2380 593 2416 13.
623 2380 734 2427 Quod
758 2380 963 2427 sequitur,
995 2378 1168 2418 πολλδν
1193 2379 1398 2428 ἐκράτησαν,

105 2433 370 2470 Herodoteum
393 2440 470 2478 est,
493 2440 539 2470 ut
558 2433 685 2471 πολλόν
705 2432 887 2474 ἑσσώθησαν
908 2437 960 2472 V.
988 2447 1074 2470 102.
1103 2435 1298 2472 Usitatius
1316 2447 1401 2474 πολ-

107 2488 156 2535 λῷ
185 2487 366 2535 ἐκράτησαν
389 2494 503 2525 estet
521 2489 628 2537 apud
655 2490 795 2527 Herod.
816 2492 868 2527 V.
891 2503 954 2537 77.
984 2490 1115 2525 forsan
1140 2495 1179 2527 et
1206 2489 1273 2526 hic
1298 2491 1399 2528 olim

154 2543 292 2579 Herod.
309 2544 354 2581 T.
375 2544 440 2581 VI.
458 2544 499 2580 P.
513 2544 543 2580 I.
1037 2545 1073 2579 A
