1718 2919
278 186 330 225 86
565 186 1312 228 ADNOTATIONES

277 289 459 338 perbiam
479 289 642 328 dixisset
660 292 851 329 Persicam
868 293 918 328 ab
935 292 1185 341 arrogantiae
1199 293 1400 330 humanae
1417 292 1579 335 vindice

276 344 333 381 sic
358 345 585 393 castigatam
607 346 933 396 depressumque3
968 348 1068 384 alias
1090 359 1202 395 saepe
1223 360 1447 386 memorans
1473 350 1579 386 ulto-

278 411 362 436 rem
393 402 661 447 superborum
691 403 835 440 Dvum.
877 405 1118 451 Frequenter
1136 405 1279 441 Noster
1301 402 1487 452 ἀνθρώπινά
1519 420 1577 448 μοι

274 450 366 494 δοκεῖ
389 453 562 503 ἁμαρτεῖν.
587 458 663 494 VA
675 458 739 494 LC
751 459 798 494 K.

396 507 542 550 CAP.
574 510 719 556 XIV.
756 525 791 549 2.
825 509 1024 557 α’τρέμας
1056 528 1089 549 τε
1115 508 1241 562 εἶχεν)
1279 512 1369 549 Sive
1402 512 1576 555 hocaseu

274 563 454 602 aliorum
482 565 649 614 α’τρέμοι
666 566 929 610 adsciscatur,
947 569 1141 603 sententia
1162 568 1316 604 eadem:
1341 567 1471 604 malui
1493 567 1579 616 pri.

274 619 453 665 stinum,
488 621 592 669 quod
624 623 866 670 plerumque
892 632 1048 668 semper
1074 622 1116 658 in
1139 622 1199 658 his
1229 622 1369 667 libris,
1393 623 1454 659 uti
1483 635 1578 660 mox

276 685 362 721 cap.
385 675 443 710 16.
465 681 503 711 et
525 679 576 713 V.
600 689 659 726 ¹9·
677 682 749 717 etc.
781 677 896 714 Conf.
919 677 1046 713 Ezech.
1070 678 1262 726 Spanhem.
1285 678 1333 714 ad
1360 678 1468 715 Nub.
1487 679 1580 715 Ari·

275 729 396 778 πυρὴ.
417 743 471 767 vs.
496 732 584 766 260.
629 731 826 768 Restituto
845 737 978 768 autem
1001 731 1171 771 ἐπεβώθεον
1193 729 1287 784 [lin.
1308 729 1373 784 4.]
1401 734 1452 768 ob
1469 733 1577 771 dicta

277 796 310 820 c.
337 797 369 818 1.
396 796 512 821 nemo
541 799 619 822 non
651 788 812 823 favebit.
838 787 1023 825 WESS.

331 839 424 876 Ibid.
454 840 630 888 οἱτρέμκ
660 859 694 880 τε
721 840 837 890 εῗχτι)
875 845 931 879 Ex
966 855 1046 877 uno
1076 842 1220 879 Codice
1249 856 1328 880 non
1359 847 1574 880 mutassem

274 900 370 930 ante
397 895 632 944 vulgatum:
672 898 791 933 semel
827 909 942 933 versu
975 903 1129 933 coactus
1158 895 1216 943 ἔχ’
1250 897 1382 946 οἶτρέμω
1415 897 1578 945 scripsit

276 951 426 987 Homer.
446 951 552 998 quod
577 958 706 988 tamen
730 953 974 1001 Aristophani
999 964 1124 1000 aeque
1143 965 1187 989 ac
1201 952 1378 990 alterum
1402 950 1461 999 ἔχ’
1484 950 1580 1001 οἷτρέ..

276 1019 346 1047 μοις
370 1014 591 1053 usurpatur
605 1034 615 1050 ‚
642 1007 829 1056 aliisque.
852 1009 927 1044 vA
943 1010 970 1044 L
984 1009 1012 1044 C
1026 1010 1076 1044 K.

335 1073 370 1108 9.
400 1058 456 1099 arrha
478 1060 585 1101 αὖτνὶν
617 1060 723 1111 ὥρην)
752 1062 957 1100 Laurentii
993 1063 1182 1100 observata
1203 1063 1325 1098 eadem
1347 1062 1441 1099 hora
1460 1061 1578 1099 valde

276 1115 322 1152 L.
339 1117 483 1151 Allatio
496 1145 504 1159 ‚
526 1114 603 1165 ὥξκς
621 1118 783 1165 prodici
807 1131 880 1154 ΧΠ.
900 1123 1010 1165 parte
1029 1131 1146 1153 usum
1168 1117 1307 1165 priscis
1326 1116 1577 1162 vindicanti,

277 1177 551 1216 succurreret,
584 1171 615 1207 si
645 1173 783 1209 Latina
810 1173 896 1208 sine
920 1172 1196 1220 inpedimento
1222 1171 1494 1220 procederent.
1520 1173 1577 1209 At

278 1235 381 1271 quae
409 1226 529 1261 eadem
551 1228 616 1262 illa
640 1227 762 1264 hora?
796 1227 945 1276 Utique
974 1227 1081 1263 illud
1112 1233 1290 1275 tempus,
1317 1240 1398 1276 quo
1419 1227 1578 1264 Atticae

275 1290 394 1324 naves
430 1280 678 1318 auxiliatum
720 1287 992 1327 accesserunt,
1029 1283 1287 1331 nunciusque
1323 1282 1576 1330 perditarum

276 1333 537 1374 Persicarum.
588 1339 674 1373 Non
709 1339 879 1387 negabo,
909 1338 1066 1375 Graecis
1092 1338 1272 1375 Herodoti
1299 1349 1393 1374 aevo
1419 1337 1501 1374 diei
1529 1337 1576 1376 in

275 1401 350 1426 xu.
367 1397 495 1437 partes
510 1391 818 1440 descriptionem
840 1392 883 1428 in
906 1392 1050 1429 notitia
1071 1393 1211 1429 fuisse:
1237 1392 1446 1440 liquidum
1465 1392 1576 1431 illud

275 1454 324 1481 ,ex
345 1443 418 1480 lib.
438 1447 482 1481 ΙΙ.
510 1459 596 1496 109.
636 1446 704 1487 Thu
729 1455 857 1484 tamen
877 1445 952 1496 ὥρην
970 1453 1009 1483 et
1026 1446 1083 1487 viv
1099 1447 1202 1487 αὐτήν
1225 1445 1301 1495 ὥρην
1321 1447 1369 1484 de
1387 1454 1487 1484 stato
1503 1453 1577 1486 aut

275 1499 395 1534 eodem
414 1507 569 1549 tempore
593 1509 762 1551 usurpat
781 1503 855 1539 lib.
872 1505 917 1539 11.
939 1515 974 1540 2.
1005 1504 1091 1540 VII.
1114 1516 1125 1537 1
1138 1517 1174 1553 9.
1202 1502 1299 1538 Vise
1315 1507 1354 1538 et
1371 1503 1422 1539 Is.
1438 1503 1579 1540 Casan.-

277 1553 404 1590 bonum
432 1555 474 1590 in
495 1557 635 1595 Athen.
652 1559 681 1594 Ι.
707 1571 738 1596 1.
760 1571 798 1607 p.
820 1559 854 1595 3.
877 1558 1057 1596 WESS.
1077 1578 1129 1584 —
1167 1556 1273 1594 Vide
1292 1557 1509 1594 Animadv.
1529 1557 1575 1596 in

274 1609 412 1646 Athen.
432 1613 472 1648 T.
497 1613 524 1648 Ι.
548 1625 585 1659 p.
615 1614 672 1650 18.
703 1624 880 1662 nuperae
899 1612 1101 1650 editionis.
1137 1612 1334 1661 Equidem
1352 1625 1444 1649 cum
1462 1615 1576 1650 Lar-

275 1664 411 1701 chero
435 1664 644 1709 φυλάξκντες
668 1667 726 1708 τήν
752 1667 856 1708 αὐτ-ἧν
888 1666 963 1715 ἄξκν
991 1667 1038 1703 de
1057 1669 1176 1705 eodem
1203 1669 1272 1705 diei
1299 1674 1479 1717 tempore,
1505 1682 1575 1718 qun

270 1720 412 1768 pridie,
439 1721 719 1769 accipiendum
752 1723 916 1770 putavi,
944 1722 1086 1771 respici
1108 1734 1252 1770 nempe
1269 1735 1354 1771 cap.
1373 1737 1416 1772 9,
1439 1724 1477 1760 6.
1501 1722 1574 1762 uhi

275 1771 378 1814 δείλην
399 1774 501 1814 §datm
527 1778 691 1818 γινομένην
713 1779 772 1820 τῆς
791 1778 907 1825 ἧμέξκς
935 1776 1155 1821 (ευωῖξκντες.
1185 1777 1230 1816 S.

387 1826 531 1868 CAP-
557 1830 673 1871 ΧῙῘ.
707 1845 739 1868 1.
764 1830 860 1869 δεινόν
887 1849 926 1869 τι
950 1830 1193 1881 ποιησάμενοι)
1222 1832 1441 1870 Lenissima
1468 1831 1574 1870 mihi

275 1894 365 1919 vera
387 1884 549 1922 videtur
572 1886 791 1923 doctissimi
815 1888 859 1924 G.
875 1889 1007 1924 Koenii
1027 1888 1218 1925 correctio
1237 1887 1401 1937 legentis
1416 1883 1512 1924 δεινόν
1529 1901 1573 1928 τε

275 1936 501 1979 τωκωέμενοι.
540 1943 619 1977 Hoc
642 1954 797 1989 poscere
815 1942 977 1978 videtur
995 1953 1161 1989 sequens
1190 1945 1272 1984 καὶ,
1300 1943 1476 1979 alterum
1502 1953 1576 1977 au-

277 1999 356 2029 tem
378 2005 563 2041 respuere
578 1996 679 2033 ratio
695 1997 911 2033 locutionis
924 2024 934 2042 ‚
953 2009 974 2032 e
993 2010 1072 2045 qua
1091 1998 1193 2033 alibi
1213 1998 1333 2035 etiam
1352 1999 1384 2034 τὶ
1402 1995 1574 2042 sustuli,

275 2047 395 2083 facile
422 2056 562 2086 natum
589 2063 610 2087 e
640 2052 758 2088 litera
787 2052 934 2088 vicina.
972 2053 1125 2090 VALC
1137 2055 1186 2090 K.
1226 2073 1276 2079 --
1333 2052 1574 2088 Valckenario

275 2102 484 2140 obsecutus
516 2106 677 2142 Borheck
701 2104 795 2145 δεινόν
824 2123 867 2143 τε
894 2106 1033 2144 edidit.
1072 2110 1120 2145 Et
1139 2107 1196 2144 sic
1222 2106 1386 2156 quidem
1417 2106 1506 2144 edd.
1532 2111 1574 2142 et

276 2157 387 2193 11185ῑί
409 2162 461 2196 V·
482 2168 529 2203 42
549 2188 557 2205 ‚
581 2174 616 2207 7.
637 2158 732 2199 δεινόν
763 2176 797 2198 τε
816 2160 1001 2204 ποιεύμενος
1023 2165 1081 2199 καὶ
1106 2169 1174 2199 etc.
1209 2164 1265 2199 At
1285 2173 1355 2199 nec
1377 2178 1423 2200 τε
1447 2159 1573 2210 parti.-

275 2212 368 2248 cula
398 2214 541 2263 utique
562 2216 601 2252 h.
631 2217 659 2251 1.
680 2216 1001 2260 desiderabatur,
1035 2222 1074 2252 et
1096 2234 1138 2255 τι
1168 2217 1265 2253 libri
1291 2228 1426 2253 omnes
1453 2228 1572 2266 agno.-

275 2272 414 2313 smxnt,
442 2269 547 2306 sicut
566 2274 617 2308 V.
639 2271 707 2315 55,
729 2285 766 2321 9.
789 2272 1006 2316 e187.10.
1035 2269 1080 2308 S.

334 2335 371 2360 2.
395 2320 479 2362 oi‘w
505 2334 581 2367 σ’Φι
605 2326 726 2369 ὀλίγας
754 2323 1000 2372 λυμαίνεσθκι)
1033 2326 1148 2363 Nihil
1177 2327 1225 2363 ad
1251 2339 1399 2366 nexum
1432 2325 1571 2375 prode-

277 2377 353 2421 rit,
388 2379 483 2423 hoc,
514 2392 565 2415 an
598 2378 681 2418 ρῦτω
712 2382 865 2422 σφέας,
896 2382 1100 2427 probetur.
1144 2383 1364 2423 Λυμαίνεσθκι
1398 2389 1572 2430 utroque

277 2433 380 2473 strui
393 2434 531 2481 modo,
551 2436 710 2475 Gronov.
724 2435 773 2472 ad
793 2436 868 2482 lib.
884 2437 947 2474 ΠΙ.
972 2436 1031 2473 16.
1050 2441 1088 2472 et
1103 2437 1248 2474 Alberti
1264 2437 1308 2476 in
1324 2438 1415 2474 Act.
1433 2439 1572 2490 Apost.
