<?xml version="1.0" encoding="UTF-8"?>
<!DOCTYPE html PUBLIC "-//W3C//DTD XHTML 1.0 Transitional//EN"
    "http://www.w3.org/TR/xhtml1/DTD/xhtml1-transitional.dtd">
<html xmlns="http://www.w3.org/1999/xhtml" xml:lang="en" lang="en">
 <head>
  <title>
</title>
<meta http-equiv="Content-Type" content="text/html;charset=utf-8" />
  <meta name='ocr-system' content='tesseract 3.04.00' />
  <meta name='ocr-capabilities' content='ocr_page ocr_carea ocr_par ocr_line ocrx_word'/>
</head>
<body>
  <div class='ocr_page' id='page_1' title='image "./musaesivehistori06hero_0399.png"; bbox 0 0 1718 2919; ppageno 0'>
   <div class='ocr_carea' id='block_1_1' title="bbox 317 214 1441 269">
    <p class='ocr_par' dir='ltr' id='par_1_1' title="bbox 317 214 1441 269">
     <span class='ocr_line' id='line_1_1' title="bbox 317 214 1441 269; baseline 0.004 -15"><span class='ocrx_word' id='word_1_1' title='bbox 317 215 416 254; x_wconf 78' lang='lat' dir='ltr'>An</span> <span class='ocrx_word' id='word_1_2' title='bbox 460 215 1013 257; x_wconf 84' lang='lat' dir='ltr'>HERODOT.VI1.</span> <span class='ocrx_word' id='word_1_3' title='bbox 1050 214 1264 267; x_wconf 65' lang='lat'>143-1415.</span> <span class='ocrx_word' id='word_1_4' title='bbox 1362 220 1441 269; x_wconf 79' lang='lat'>³89</span> 
     </span>
    </p>
   </div>
   <div class='ocr_carea' id='block_1_2' title="bbox 126 317 1442 2453">
    <p class='ocr_par' dir='ltr' id='par_1_2' title="bbox 133 317 1442 1409">
     <span class='ocr_line' id='line_1_2' title="bbox 205 317 1442 372; baseline 0.002 -17"><span class='ocrx_word' id='word_1_5' title='bbox 205 319 299 356; x_wconf 81' lang='lat' dir='ltr'>Ibid.</span> <span class='ocrx_word' id='word_1_6' title='bbox 327 317 466 361; x_wconf 72' lang='grc' dir='ltr'>ἔμελλον</span> <span class='ocrx_word' id='word_1_7' title='bbox 498 317 709 363; x_wconf 77' lang='grc' dir='ltr'>λα”ξεσθοιι</span> <span class='ocrx_word' id='word_1_8' title='bbox 739 318 958 369; x_wconf 69' lang='grc' dir='ltr'>ὄρχηδᾶν)</span> <span class='ocrx_word' id='word_1_9' title='bbox 989 322 1093 358; x_wconf 88' lang='lat' dir='ltr'>Hinc</span> <span class='ocrx_word' id='word_1_10' title='bbox 1122 322 1302 370; x_wconf 90' lang='lat' dir='ltr'>primum</span> <span class='ocrx_word' id='word_1_11' title='bbox 1320 323 1442 372; x_wconf 84' lang='lat' dir='ltr'>Hesy-</span> 
     </span>
     <span class='ocr_line' id='line_1_3' title="bbox 153 372 1441 427; baseline 0.001 -17"><span class='ocrx_word' id='word_1_12' title='bbox 153 374 232 410; x_wconf 82' lang='lat' dir='ltr'>chio</span> <span class='ocrx_word' id='word_1_13' title='bbox 246 403 256 419; x_wconf 95' lang='lat'>‚</span> <span class='ocrx_word' id='word_1_14' title='bbox 283 387 354 427; x_wconf 86' lang='lat' dir='ltr'>pro</span> <span class='ocrx_word' id='word_1_15' title='bbox 373 372 562 417; x_wconf 68' lang='grc' dir='ltr'>Λοίξασθοει·</span> <span class='ocrx_word' id='word_1_16' title='bbox 587 373 837 422; x_wconf 43' lang='lat' dir='ltr'>unusve-Semina:</span> <span class='ocrx_word' id='word_1_17' title='bbox 855 376 1011 412; x_wconf 87' lang='lat' dir='ltr'>restitui</span> <span class='ocrx_word' id='word_1_18' title='bbox 1034 377 1148 413; x_wconf 88' lang='lat' dir='ltr'>debet</span> <span class='ocrx_word' id='word_1_19' title='bbox 1167 376 1335 420; x_wconf 76' lang='grc' dir='ltr'>Λοέξεσθοιι</span> <span class='ocrx_word' id='word_1_20' title='bbox 1352 392 1359 410; x_wconf 90' lang='lat'><strong>:</strong></span> <span class='ocrx_word' id='word_1_21' title='bbox 1381 377 1441 412; x_wconf 84' lang='lat' dir='ltr'>al-</span> 
     </span>
     <span class='ocr_line' id='line_1_4' title="bbox 150 429 1441 476; baseline 0.002 -12"><span class='ocrx_word' id='word_1_22' title='bbox 150 435 282 465; x_wconf 79' lang='lat' dir='ltr'>terum</span> <span class='ocrx_word' id='word_1_23' title='bbox 298 456 307 474; x_wconf 89' lang='lat'>‚</span> <span class='ocrx_word' id='word_1_24' title='bbox 327 442 407 464; x_wconf 90' lang='lat' dir='ltr'>non</span> <span class='ocrx_word' id='word_1_25' title='bbox 430 429 510 465; x_wconf 88' lang='lat' dir='ltr'>fuit</span> <span class='ocrx_word' id='word_1_26' title='bbox 530 429 572 464; x_wconf 91' lang='lat' dir='ltr'>in</span> <span class='ocrx_word' id='word_1_27' title='bbox 595 442 690 472; x_wconf 80' lang='lat' dir='ltr'>usu;</span> <span class='ocrx_word' id='word_1_28' title='bbox 726 429 787 465; x_wconf 88' lang='lat' dir='ltr'>uti</span> <span class='ocrx_word' id='word_1_29' title='bbox 815 441 886 466; x_wconf 85' lang='lat' dir='ltr'>nec</span> <span class='ocrx_word' id='word_1_30' title='bbox 915 430 1221 476; x_wconf 67' lang='grc' dir='ltr'>οἷπολοέμψασθκιε</span> <span class='ocrx_word' id='word_1_31' title='bbox 1243 431 1360 468; x_wconf 90' lang='lat' dir='ltr'>cuius</span> <span class='ocrx_word' id='word_1_32' title='bbox 1381 432 1441 467; x_wconf 89' lang='lat' dir='ltr'>lo·-</span> 
     </span>
     <span class='ocr_line' id='line_1_5' title="bbox 145 483 1438 532; baseline 0.003 -13"><span class='ocrx_word' id='word_1_33' title='bbox 145 485 194 519; x_wconf 82' lang='lat' dir='ltr'>co</span> <span class='ocrx_word' id='word_1_34' title='bbox 212 490 314 520; x_wconf 87' lang='lat' dir='ltr'>recte</span> <span class='ocrx_word' id='word_1_35' title='bbox 334 483 508 532; x_wconf 88' lang='lat' dir='ltr'>positum</span> <span class='ocrx_word' id='word_1_36' title='bbox 527 496 574 520; x_wconf 84' lang='lat' dir='ltr'>ex</span> <span class='ocrx_word' id='word_1_37' title='bbox 598 483 718 520; x_wconf 85' lang='lat' dir='ltr'>Codd.</span> <span class='ocrx_word' id='word_1_38' title='bbox 736 486 799 520; x_wconf 89' lang='lat' dir='ltr'><strong>III.</strong></span> <span class='ocrx_word' id='word_1_39' title='bbox 820 497 852 521; x_wconf 87' lang='lat' dir='ltr'>c.</span> <span class='ocrx_word' id='word_1_40' title='bbox 878 486 985 530; x_wconf 59' lang='lat'>146„</span> <span class='ocrx_word' id='word_1_41' title='bbox 1008 484 1130 528; x_wconf 75' lang='grc' dir='ltr'>ἔμελλε</span> <span class='ocrx_word' id='word_1_42' title='bbox 1151 484 1438 530; x_wconf 59' lang='grc' dir='ltr'>ἀπολάμψεσθαι.</span> 
     </span>
     <span class='ocr_line' id='line_1_6' title="bbox 145 534 1439 588; baseline 0.001 -13"><span class='ocrx_word' id='word_1_43' title='bbox 145 534 301 575; x_wconf 82' lang='lat' dir='ltr'>Deinde</span> <span class='ocrx_word' id='word_1_44' title='bbox 330 538 404 575; x_wconf 87' lang='lat' dir='ltr'>soli</span> <span class='ocrx_word' id='word_1_45' title='bbox 432 539 562 575; x_wconf 86' lang='lat' dir='ltr'>forsan</span> <span class='ocrx_word' id='word_1_46' title='bbox 586 550 631 573; x_wconf 80' lang='lat' dir='ltr'>ex</span> <span class='ocrx_word' id='word_1_47' title='bbox 660 539 859 575; x_wconf 87' lang='lat' dir='ltr'>veteribus</span> <span class='ocrx_word' id='word_1_48' title='bbox 881 546 1120 588; x_wconf 89' lang='lat' dir='ltr'>usurpatum</span> <span class='ocrx_word' id='word_1_49' title='bbox 1150 542 1291 576; x_wconf 85' lang='lat' dir='ltr'>Nostro</span> <span class='ocrx_word' id='word_1_50' title='bbox 1311 539 1439 588; x_wconf 73' lang='grc' dir='ltr'>Ὀρχη-</span> 
     </span>
     <span class='ocr_line' id='line_1_7' title="bbox 145 589 1436 643; baseline 0.001 -14"><span class='ocrx_word' id='word_1_51' title='bbox 145 589 200 640; x_wconf 61' lang='grc' dir='ltr'>δδγ</span> <span class='ocrx_word' id='word_1_52' title='bbox 214 621 226 638; x_wconf 82' lang='lat'>‚</span> <span class='ocrx_word' id='word_1_53' title='bbox 246 606 268 629; x_wconf 87' lang='lat' dir='ltr'>a</span> <span class='ocrx_word' id='word_1_54' title='bbox 290 593 569 631; x_wconf 81' lang='lat' dir='ltr'>Grammaticis</span> <span class='ocrx_word' id='word_1_55' title='bbox 588 593 789 629; x_wconf 84' lang='lat' dir='ltr'>redditum</span> <span class='ocrx_word' id='word_1_56' title='bbox 812 606 882 642; x_wconf 89' lang='lat' dir='ltr'>per</span> <span class='ocrx_word' id='word_1_57' title='bbox 896 591 1037 636; x_wconf 70' lang='grc' dir='ltr'>νῖβκδδν,</span> <span class='ocrx_word' id='word_1_58' title='bbox 1060 594 1259 643; x_wconf 84' lang='lat' dir='ltr'>significat</span> <span class='ocrx_word' id='word_1_59' title='bbox 1281 596 1436 640; x_wconf 77' lang='lat' dir='ltr'>viritim,</span> 
     </span>
     <span class='ocr_line' id='line_1_8' title="bbox 144 645 1433 697; baseline 0 -13"><span class='ocrx_word' id='word_1_60' title='bbox 144 645 312 696; x_wconf 71' lang='grc' dir='ltr'><em>οἶνδρακοὲς</em></span> <span class='ocrx_word' id='word_1_61' title='bbox 333 650 511 694; x_wconf 87' lang='lat' dir='ltr'><strong><em>Homero,</em></strong></span> <span class='ocrx_word' id='word_1_62' title='bbox 541 647 648 696; x_wconf 89' lang='lat' dir='ltr'>(vid.</span> <span class='ocrx_word' id='word_1_63' title='bbox 680 649 724 685; x_wconf 90' lang='lat' dir='ltr'>G.</span> <span class='ocrx_word' id='word_1_64' title='bbox 745 650 892 686; x_wconf 75' lang='lat' dir='ltr'>canter.</span> <span class='ocrx_word' id='word_1_65' title='bbox 913 651 1010 686; x_wconf 86' lang='lat' dir='ltr'>Nov.</span> <span class='ocrx_word' id='word_1_66' title='bbox 1035 651 1138 686; x_wconf 60' lang='lat' dir='ltr'>Lect⁴</span> <span class='ocrx_word' id='word_1_67' title='bbox 1159 651 1221 685; x_wconf 94' lang='grc' dir='ltr'><strong>ΙΙΙ.</strong></span> <span class='ocrx_word' id='word_1_68' title='bbox 1238 661 1321 697; x_wconf 84' lang='lat' dir='ltr'>cap.</span> <span class='ocrx_word' id='word_1_69' title='bbox 1345 647 1433 695; x_wconf 86' lang='lat'>25.)</span> 
     </span>
     <span class='ocr_line' id='line_1_9' title="bbox 144 700 1436 752; baseline 0.002 -16"><span class='ocrx_word' id='word_1_70' title='bbox 144 701 186 737; x_wconf 87' lang='lat' dir='ltr'>id</span> <span class='ocrx_word' id='word_1_71' title='bbox 208 709 265 739; x_wconf 88' lang='lat' dir='ltr'>est</span> <span class='ocrx_word' id='word_1_72' title='bbox 285 702 363 740; x_wconf 76' lang='grc' dir='ltr'>κατ’</span> <span class='ocrx_word' id='word_1_73' title='bbox 386 700 508 751; x_wconf 64' lang='grc' dir='ltr'>ἄνδραε</span> <span class='ocrx_word' id='word_1_74' title='bbox 541 703 726 751; x_wconf 75' lang='lat' dir='ltr'>proprie,</span> <span class='ocrx_word' id='word_1_75' title='bbox 760 709 805 739; x_wconf 90' lang='lat' dir='ltr'>ut</span> <span class='ocrx_word' id='word_1_76' title='bbox 834 709 957 751; x_wconf 86' lang='lat' dir='ltr'>puto,</span> <span class='ocrx_word' id='word_1_77' title='bbox 987 703 1065 741; x_wconf 84' lang='grc' dir='ltr'><em>κατ’</em></span> <span class='ocrx_word' id='word_1_78' title='bbox 1093 701 1220 752; x_wconf 64' lang='grc' dir='ltr'><em>ὄρχεις,</em></span> <span class='ocrx_word' id='word_1_79' title='bbox 1253 705 1436 741; x_wconf 83' lang='lat' dir='ltr'>testicula-</span> 
     </span>
     <span class='ocr_line' id='line_1_10' title="bbox 143 757 1435 806; baseline 0 -13"><span class='ocrx_word' id='word_1_80' title='bbox 143 760 232 803; x_wconf 81' lang='lat' dir='ltr'>tim;</span> <span class='ocrx_word' id='word_1_81' title='bbox 256 757 335 793; x_wconf 90' lang='lat' dir='ltr'>huc</span> <span class='ocrx_word' id='word_1_82' title='bbox 351 758 460 793; x_wconf 88' lang='lat' dir='ltr'>enim</span> <span class='ocrx_word' id='word_1_83' title='bbox 483 758 526 793; x_wconf 91' lang='lat' dir='ltr'>in</span> <span class='ocrx_word' id='word_1_84' title='bbox 555 758 626 794; x_wconf 83' lang='lat' dir='ltr'>ista</span> <span class='ocrx_word' id='word_1_85' title='bbox 650 769 742 794; x_wconf 81' lang='lat' dir='ltr'>voce</span> <span class='ocrx_word' id='word_1_86' title='bbox 772 761 961 795; x_wconf 78' lang='lat' dir='ltr'>Nostrum</span> <span class='ocrx_word' id='word_1_87' title='bbox 991 758 1122 805; x_wconf 89' lang='lat' dir='ltr'>potius</span> <span class='ocrx_word' id='word_1_88' title='bbox 1143 757 1287 806; x_wconf 90' lang='lat' dir='ltr'>opinor</span> <span class='ocrx_word' id='word_1_89' title='bbox 1308 770 1435 805; x_wconf 88' lang='lat' dir='ltr'>respe-</span> 
     </span>
     <span class='ocr_line' id='line_1_11' title="bbox 141 812 1429 862; baseline 0.002 -14"><span class='ocrx_word' id='word_1_90' title='bbox 141 812 263 857; x_wconf 80' lang='lat' dir='ltr'>xisse,</span> <span class='ocrx_word' id='word_1_91' title='bbox 283 825 405 860; x_wconf 80' lang='lat' dir='ltr'>quam</span> <span class='ocrx_word' id='word_1_92' title='bbox 426 826 506 862; x_wconf 92' lang='lat' dir='ltr'>quo</span> <span class='ocrx_word' id='word_1_93' title='bbox 525 814 691 861; x_wconf 78' lang='lat' dir='ltr'>putabat</span> <span class='ocrx_word' id='word_1_94' title='bbox 716 815 760 848; x_wconf 87' lang='lat' dir='ltr'>T.</span> <span class='ocrx_word' id='word_1_95' title='bbox 782 814 896 850; x_wconf 77' lang='lat' dir='ltr'>faber</span> <span class='ocrx_word' id='word_1_96' title='bbox 920 813 962 848; x_wconf 89' lang='lat' dir='ltr'>in</span> <span class='ocrx_word' id='word_1_97' title='bbox 986 815 1138 849; x_wconf 77' lang='lat' dir='ltr'>Luciam·</span> <span class='ocrx_word' id='word_1_98' title='bbox 1160 813 1314 850; x_wconf 89' lang='lat' dir='ltr'>Timon.</span> <span class='ocrx_word' id='word_1_99' title='bbox 1343 815 1386 849; x_wconf 89' lang='lat' dir='ltr'>T.</span> <span class='ocrx_word' id='word_1_100' title='bbox 1402 814 1429 850; x_wconf 91' lang='grc' dir='ltr'>Ι.</span> 
     </span>
     <span class='ocr_line' id='line_1_12' title="bbox 140 863 1433 918; baseline 0 -15"><span class='ocrx_word' id='word_1_101' title='bbox 140 864 229 918; x_wconf 89' lang='lat' dir='ltr'>[ed.</span> <span class='ocrx_word' id='word_1_102' title='bbox 248 863 419 917; x_wconf 79' lang='lat' dir='ltr'>Heinst.]</span> <span class='ocrx_word' id='word_1_103' title='bbox 452 881 489 915; x_wconf 88' lang='lat' dir='ltr'>p.</span> <span class='ocrx_word' id='word_1_104' title='bbox 515 869 586 912; x_wconf 67' lang='lat'>148</span> <span class='ocrx_word' id='word_1_105' title='bbox 609 880 710 916; x_wconf 84' lang='lat' dir='ltr'>seq.,</span> <span class='ocrx_word' id='word_1_106' title='bbox 734 880 866 904; x_wconf 82' lang='lat' dir='ltr'>vocem</span> <span class='ocrx_word' id='word_1_107' title='bbox 899 865 1016 909; x_wconf 67' lang='grc' dir='ltr'><strong><em>ἦβκὲδν</em></strong></span> <span class='ocrx_word' id='word_1_108' title='bbox 1039 869 1149 904; x_wconf 86' lang='lat' dir='ltr'>docte</span> <span class='ocrx_word' id='word_1_109' title='bbox 1176 873 1433 915; x_wconf 82' lang='lat' dir='ltr'>pertractans.</span> 
     </span>
     <span class='ocr_line' id='line_1_13' title="bbox 141 922 1433 970; baseline 0.001 -12"><span class='ocrx_word' id='word_1_110' title='bbox 141 925 367 970; x_wconf 82' lang='lat' dir='ltr'>Corruptus</span> <span class='ocrx_word' id='word_1_111' title='bbox 385 929 441 958; x_wconf 83' lang='lat' dir='ltr'>est</span> <span class='ocrx_word' id='word_1_112' title='bbox 458 923 500 958; x_wconf 92' lang='lat' dir='ltr'>in</span> <span class='ocrx_word' id='word_1_113' title='bbox 524 923 594 958; x_wconf 82' lang='lat' dir='ltr'>hac</span> <span class='ocrx_word' id='word_1_114' title='bbox 612 934 703 958; x_wconf 79' lang='lat' dir='ltr'>voce</span> <span class='ocrx_word' id='word_1_115' title='bbox 721 923 841 960; x_wconf 79' lang='lat' dir='ltr'>Schol.</span> <span class='ocrx_word' id='word_1_116' title='bbox 863 922 1040 959; x_wconf 81' lang='lat' dir='ltr'>ineditus</span> <span class='ocrx_word' id='word_1_117' title='bbox 1060 923 1103 958; x_wconf 89' lang='lat' dir='ltr'>in</span> <span class='ocrx_word' id='word_1_118' title='bbox 1124 925 1280 960; x_wconf 82' lang='lat' dir='ltr'>Aristid.</span> <span class='ocrx_word' id='word_1_119' title='bbox 1295 923 1433 959; x_wconf 86' lang='lat' dir='ltr'>Them.</span> 
     </span>
     <span class='ocr_line' id='line_1_14' title="bbox 136 976 1431 1027; baseline -0.002 -14"><span class='ocrx_word' id='word_1_120' title='bbox 136 977 183 1013; x_wconf 88' lang='lat' dir='ltr'>in</span> <span class='ocrx_word' id='word_1_121' title='bbox 203 976 344 1026; x_wconf 80' lang='lat' dir='ltr'>Codice</span> <span class='ocrx_word' id='word_1_122' title='bbox 361 984 465 1013; x_wconf 88' lang='lat' dir='ltr'>certe</span> <span class='ocrx_word' id='word_1_123' title='bbox 484 979 580 1014; x_wconf 85' lang='lat' dir='ltr'>clar.</span> <span class='ocrx_word' id='word_1_124' title='bbox 600 979 641 1014; x_wconf 91' lang='lat' dir='ltr'>P.</span> <span class='ocrx_word' id='word_1_125' title='bbox 662 979 784 1015; x_wconf 76' lang='lat' dir='ltr'>Burm,</span> <span class='ocrx_word' id='word_1_126' title='bbox 806 981 880 1015; x_wconf 83' lang='lat' dir='ltr'>Sec.</span> <span class='ocrx_word' id='word_1_127' title='bbox 910 979 1119 1026; x_wconf 79' lang='lat' dir='ltr'>Postquam</span> <span class='ocrx_word' id='word_1_128' title='bbox 1140 977 1336 1027; x_wconf 85' lang='lat' dir='ltr'>originem</span> <span class='ocrx_word' id='word_1_129' title='bbox 1356 977 1431 1012; x_wconf 87' lang='lat' dir='ltr'>ille</span> 
     </span>
     <span class='ocr_line' id='line_1_15' title="bbox 137 1031 1431 1082; baseline 0.003 -14"><span class='ocrx_word' id='word_1_130' title='bbox 137 1031 306 1068; x_wconf 86' lang='lat' dir='ltr'>tradidit</span> <span class='ocrx_word' id='word_1_131' title='bbox 319 1033 419 1068; x_wconf 79' lang='lat' dir='ltr'>belli</span> <span class='ocrx_word' id='word_1_132' title='bbox 436 1032 640 1082; x_wconf 81' lang='lat' dir='ltr'>Aeginetis</span> <span class='ocrx_word' id='word_1_133' title='bbox 656 1032 786 1076; x_wconf 82' lang='lat' dir='ltr'>illati,</span> <span class='ocrx_word' id='word_1_134' title='bbox 815 1031 1006 1070; x_wconf 67' lang='grc' dir='ltr'>ἐπλεόνασεν</span> <span class='ocrx_word' id='word_1_135' title='bbox 1018 1059 1028 1075; x_wconf 92' lang='grc'><em>,</em></span> <span class='ocrx_word' id='word_1_136' title='bbox 1060 1032 1199 1081; x_wconf 89' lang='lat' dir='ltr'>inquit</span> <span class='ocrx_word' id='word_1_137' title='bbox 1213 1059 1222 1077; x_wconf 94' lang='lat'>,</span> <span class='ocrx_word' id='word_1_138' title='bbox 1241 1031 1319 1070; x_wconf 73' lang='grc' dir='ltr'>τότε</span> <span class='ocrx_word' id='word_1_139' title='bbox 1335 1031 1431 1072; x_wconf 73' lang='grc' dir='ltr'>Ἀθη-</span> 
     </span>
     <span class='ocr_line' id='line_1_16' title="bbox 139 1085 1424 1135; baseline 0 -11"><span class='ocrx_word' id='word_1_140' title='bbox 139 1089 236 1129; x_wconf 74' lang='grc' dir='ltr'><strong><em>νκίοις</em></strong></span> <span class='ocrx_word' id='word_1_141' title='bbox 253 1085 298 1124; x_wconf 70' lang='grc' dir='ltr'>τοὶ</span> <span class='ocrx_word' id='word_1_142' title='bbox 317 1088 476 1129; x_wconf 65' lang='grc' dir='ltr'>μέταλλα</span> <span class='ocrx_word' id='word_1_143' title='bbox 499 1088 559 1124; x_wconf 67' lang='grc' dir='ltr'>τοῦ</span> <span class='ocrx_word' id='word_1_144' title='bbox 578 1086 741 1135; x_wconf 56' lang='grc' dir='ltr'>ἀργυρίου·</span> <span class='ocrx_word' id='word_1_145' title='bbox 772 1088 884 1124; x_wconf 63' lang='grc' dir='ltr'><em>ταῦτα</em></span> <span class='ocrx_word' id='word_1_146' title='bbox 906 1087 1114 1131; x_wconf 63' lang='grc' dir='ltr'>ἐψηφίσαντο</span> <span class='ocrx_word' id='word_1_147' title='bbox 1136 1086 1293 1127; x_wconf 68' lang='grc' dir='ltr'>Ἀθηναῖοι</span> <span class='ocrx_word' id='word_1_148' title='bbox 1314 1086 1424 1134; x_wconf 45' lang='lat' dir='ltr'>«flexn—</span> 
     </span>
     <span class='ocr_line' id='line_1_17' title="bbox 139 1136 1427 1190; baseline -0.001 -12"><span class='ocrx_word' id='word_1_149' title='bbox 139 1136 192 1179; x_wconf 64' lang='lat'>3611</span> <span class='ocrx_word' id='word_1_150' title='bbox 209 1143 428 1190; x_wconf 65' lang='grc' dir='ltr'>μερίσασθαι,</span> <span class='ocrx_word' id='word_1_151' title='bbox 452 1142 600 1179; x_wconf 71' lang='grc' dir='ltr'>τουτέστι</span> <span class='ocrx_word' id='word_1_152' title='bbox 622 1141 697 1184; x_wconf 71' lang='grc' dir='ltr'>τούς</span> <span class='ocrx_word' id='word_1_153' title='bbox 714 1138 830 1189; x_wconf 64' lang='grc' dir='ltr'><em>ἄνδρας</em></span> <span class='ocrx_word' id='word_1_154' title='bbox 846 1140 944 1183; x_wconf 73' lang='grc' dir='ltr'>μόνον</span> <span class='ocrx_word' id='word_1_155' title='bbox 964 1144 1021 1178; x_wconf 67' lang='grc' dir='ltr'>καὶ</span> <span class='ocrx_word' id='word_1_156' title='bbox 1038 1141 1113 1184; x_wconf 67' lang='grc' dir='ltr'>τούς</span> <span class='ocrx_word' id='word_1_157' title='bbox 1133 1139 1272 1184; x_wconf 64' lang='grc' dir='ltr'><strong>παῖδας.</strong></span> <span class='ocrx_word' id='word_1_158' title='bbox 1302 1144 1427 1179; x_wconf 86' lang='lat' dir='ltr'>Nemo</span> 
     </span>
     <span class='ocr_line' id='line_1_18' title="bbox 136 1194 1429 1245; baseline 0.001 -14"><span class='ocrx_word' id='word_1_159' title='bbox 136 1195 200 1232; x_wconf 86' lang='lat' dir='ltr'>his</span> <span class='ocrx_word' id='word_1_160' title='bbox 229 1196 339 1232; x_wconf 85' lang='lat' dir='ltr'>lectis</span> <span class='ocrx_word' id='word_1_161' title='bbox 365 1196 571 1232; x_wconf 79' lang='lat' dir='ltr'>dubitabit</span> <span class='ocrx_word' id='word_1_162' title='bbox 598 1196 702 1245; x_wconf 86' lang='lat' dir='ltr'>quin</span> <span class='ocrx_word' id='word_1_163' title='bbox 733 1196 854 1233; x_wconf 86' lang='lat' dir='ltr'>scribi</span> <span class='ocrx_word' id='word_1_164' title='bbox 882 1195 1021 1232; x_wconf 85' lang='lat' dir='ltr'>debeat</span> <span class='ocrx_word' id='word_1_165' title='bbox 1048 1194 1211 1244; x_wconf 69' lang='grc' dir='ltr'>ὄρχκδόνε</span> <span class='ocrx_word' id='word_1_166' title='bbox 1255 1199 1293 1233; x_wconf 84' lang='lat' dir='ltr'>in</span> <span class='ocrx_word' id='word_1_167' title='bbox 1317 1199 1429 1233; x_wconf 86' lang='lat' dir='ltr'>viros.</span> 
     </span>
     <span class='ocr_line' id='line_1_19' title="bbox 134 1251 1430 1300; baseline -0.001 -12"><span class='ocrx_word' id='word_1_168' title='bbox 134 1252 286 1288; x_wconf 82' lang='lat' dir='ltr'>Plautus</span> <span class='ocrx_word' id='word_1_169' title='bbox 304 1251 453 1287; x_wconf 87' lang='lat' dir='ltr'>Aulul.</span> <span class='ocrx_word' id='word_1_170' title='bbox 474 1253 520 1288; x_wconf 92' lang='grc' dir='ltr'><strong>ΙΙ.</strong></span> <span class='ocrx_word' id='word_1_171' title='bbox 544 1264 576 1288; x_wconf 93' lang='grc'>1.</span> <span class='ocrx_word' id='word_1_172' title='bbox 600 1264 654 1288; x_wconf 90' lang='lat' dir='ltr'>vs.</span> <span class='ocrx_word' id='word_1_173' title='bbox 675 1252 738 1287; x_wconf 80' lang='lat'>30.</span> <span class='ocrx_word' id='word_1_174' title='bbox 768 1253 931 1288; x_wconf 76' lang='lat' dir='ltr'>Nostrae</span> <span class='ocrx_word' id='word_1_175' title='bbox 956 1253 1013 1300; x_wconf 81' lang='lat' dir='ltr'>qui</span> <span class='ocrx_word' id='word_1_176' title='bbox 1034 1258 1088 1287; x_wconf 78' lang='lat' dir='ltr'>est</span> <span class='ocrx_word' id='word_1_177' title='bbox 1114 1253 1287 1300; x_wconf 78' lang='lat' dir='ltr'>magister</span> <span class='ocrx_word' id='word_1_178' title='bbox 1309 1254 1430 1288; x_wconf 83' lang='lat' dir='ltr'>curiae</span> 
     </span>
     <span class='ocr_line' id='line_1_20' title="bbox 134 1299 1427 1357; baseline 0.001 -15"><span class='ocrx_word' id='word_1_179' title='bbox 134 1299 302 1342; x_wconf 72' lang='lat' dir='ltr'>Dividere</span> <span class='ocrx_word' id='word_1_180' title='bbox 328 1308 473 1357; x_wconf 78' lang='lat' dir='ltr'>argenti</span> <span class='ocrx_word' id='word_1_181' title='bbox 495 1307 587 1342; x_wconf 68' lang='lat' dir='ltr'>dixit</span> <span class='ocrx_word' id='word_1_182' title='bbox 620 1320 777 1342; x_wconf 82' lang='lat' dir='ltr'>nummos</span> <span class='ocrx_word' id='word_1_183' title='bbox 802 1309 840 1342; x_wconf 83' lang='lat' dir='ltr'>in</span> <span class='ocrx_word' id='word_1_184' title='bbox 860 1308 971 1342; x_wconf 83' lang='lat' dir='ltr'>viros.</span> <span class='ocrx_word' id='word_1_185' title='bbox 1012 1306 1274 1342; x_wconf 84' lang='lat' dir='ltr'>Athenienses</span> <span class='ocrx_word' id='word_1_186' title='bbox 1300 1307 1427 1343; x_wconf 84' lang='lat' dir='ltr'>libera</span> 
     </span>
     <span class='ocr_line' id='line_1_21' title="bbox 133 1360 1380 1409; baseline 0 -12"><span class='ocrx_word' id='word_1_187' title='bbox 133 1360 343 1409; x_wconf 73' lang='lat' dir='ltr'>republica</span> <span class='ocrx_word' id='word_1_188' title='bbox 372 1373 527 1408; x_wconf 88' lang='lat' dir='ltr'>semper</span> <span class='ocrx_word' id='word_1_189' title='bbox 544 1362 712 1397; x_wconf 89' lang='lat' dir='ltr'>fuerunt</span> <span class='ocrx_word' id='word_1_190' title='bbox 737 1361 948 1397; x_wconf 89' lang='lat' dir='ltr'>hirudines</span> <span class='ocrx_word' id='word_1_191' title='bbox 975 1361 1136 1397; x_wconf 86' lang='lat' dir='ltr'>aerarii.</span> <span class='ocrx_word' id='word_1_192' title='bbox 1163 1363 1380 1398; x_wconf 85' lang='lat' dir='ltr'><strong>VALCK.</strong></span> 
     </span>
    </p>

    <p class='ocr_par' dir='ltr' id='par_1_3' title="bbox 131 1411 1428 1797">
     <span class='ocr_line' id='line_1_22' title="bbox 183 1411 1427 1465; baseline 0.001 -14.007"><span class='ocrx_word' id='word_1_193' title='bbox 183 1417 212 1451; x_wconf 88' lang='grc'>8</span> <span class='ocrx_word' id='word_1_194' title='bbox 233 1430 304 1465; x_wconf 78' lang='lat' dir='ltr'>seq.</span> <span class='ocrx_word' id='word_1_195' title='bbox 332 1433 389 1454; x_wconf 83' lang='grc' dir='ltr'>τον</span> <span class='ocrx_word' id='word_1_196' title='bbox 415 1414 496 1464; x_wconf 67' lang='grc' dir='ltr'>πρὲς</span> <span class='ocrx_word' id='word_1_197' title='bbox 524 1414 700 1459; x_wconf 60' lang='lat' dir='ltr'>Atym&#39;rxg</span> <span class='ocrx_word' id='word_1_198' title='bbox 728 1411 896 1464; x_wconf 70' lang='grc' dir='ltr'>λέγων)</span> <span class='ocrx_word' id='word_1_199' title='bbox 927 1416 1058 1452; x_wconf 88' lang='lat' dir='ltr'>Multo</span> <span class='ocrx_word' id='word_1_200' title='bbox 1084 1415 1186 1451; x_wconf 86' lang='lat' dir='ltr'>mihi</span> <span class='ocrx_word' id='word_1_201' title='bbox 1210 1416 1251 1451; x_wconf 90' lang='lat' dir='ltr'>id</span> <span class='ocrx_word' id='word_1_202' title='bbox 1274 1416 1427 1452; x_wconf 86' lang='lat' dir='ltr'>cultius</span> 
     </span>
     <span class='ocr_line' id='line_1_23' title="bbox 134 1469 1428 1519; baseline 0.002 -13"><span class='ocrx_word' id='word_1_203' title='bbox 134 1483 256 1519; x_wconf 84' lang='lat' dir='ltr'>quam</span> <span class='ocrx_word' id='word_1_204' title='bbox 274 1471 374 1513; x_wconf 67' lang='grc' dir='ltr'><strong>λέγω.</strong></span> <span class='ocrx_word' id='word_1_205' title='bbox 411 1471 691 1506; x_wconf 84' lang='lat' dir='ltr'>Themistocles</span> <span class='ocrx_word' id='word_1_206' title='bbox 706 1470 816 1506; x_wconf 89' lang='lat' dir='ltr'>enim</span> <span class='ocrx_word' id='word_1_207' title='bbox 836 1472 1086 1519; x_wconf 76' lang='lat' dir='ltr'>Aegineticum</span> <span class='ocrx_word' id='word_1_208' title='bbox 1106 1471 1252 1515; x_wconf 83' lang='lat' dir='ltr'>bellum,</span> <span class='ocrx_word' id='word_1_209' title='bbox 1284 1469 1341 1507; x_wconf 72' lang='grc' dir='ltr'>τᾶν</span> <span class='ocrx_word' id='word_1_210' title='bbox 1360 1470 1428 1508; x_wconf 75' lang='grc' dir='ltr'>πό·</span> 
     </span>
     <span class='ocr_line' id='line_1_24' title="bbox 132 1525 1425 1573; baseline 0 -11"><span class='ocrx_word' id='word_1_211' title='bbox 132 1535 233 1566; x_wconf 69' lang='grc' dir='ltr'>λεμον</span> <span class='ocrx_word' id='word_1_212' title='bbox 247 1551 258 1567; x_wconf 88' lang='grc'><em>,</em></span> <span class='ocrx_word' id='word_1_213' title='bbox 280 1525 386 1573; x_wconf 90' lang='lat' dir='ltr'>quod</span> <span class='ocrx_word' id='word_1_214' title='bbox 405 1525 513 1561; x_wconf 82' lang='lat' dir='ltr'>illud</span> <span class='ocrx_word' id='word_1_215' title='bbox 538 1531 623 1561; x_wconf 88' lang='lat' dir='ltr'>tum</span> <span class='ocrx_word' id='word_1_216' title='bbox 641 1525 797 1561; x_wconf 84' lang='lat' dir='ltr'>arderet</span> <span class='ocrx_word' id='word_1_217' title='bbox 818 1525 1008 1569; x_wconf 76' lang='lat' dir='ltr'>maxime,</span> <span class='ocrx_word' id='word_1_218' title='bbox 1028 1525 1194 1561; x_wconf 86' lang='lat' dir='ltr'>dicendo</span> <span class='ocrx_word' id='word_1_219' title='bbox 1215 1525 1425 1563; x_wconf 82' lang='lat' dir='ltr'>innuebat.</span> 
     </span>
     <span class='ocr_line' id='line_1_25' title="bbox 132 1579 1426 1628; baseline -0.001 -12"><span class='ocrx_word' id='word_1_220' title='bbox 132 1581 241 1624; x_wconf 89' lang='lat' dir='ltr'>Huc,</span> <span class='ocrx_word' id='word_1_221' title='bbox 260 1592 363 1628; x_wconf 86' lang='lat' dir='ltr'>quae</span> <span class='ocrx_word' id='word_1_222' title='bbox 378 1580 570 1616; x_wconf 79' lang='lat' dir='ltr'>continuo</span> <span class='ocrx_word' id='word_1_223' title='bbox 590 1579 818 1624; x_wconf 77' lang='lat' dir='ltr'>cohaerent,</span> <span class='ocrx_word' id='word_1_224' title='bbox 838 1580 1008 1616; x_wconf 88' lang='lat' dir='ltr'>tendunt</span> <span class='ocrx_word' id='word_1_225' title='bbox 1025 1580 1257 1627; x_wconf 82' lang='lat' dir='ltr'>planissime</span> <span class='ocrx_word' id='word_1_226' title='bbox 1275 1580 1426 1616; x_wconf 83' lang='lat' dir='ltr'>omnia.</span> 
     </span>
     <span class='ocr_line' id='line_1_26' title="bbox 131 1634 1426 1684; baseline -0.001 -12"><span class='ocrx_word' id='word_1_227' title='bbox 131 1637 212 1674; x_wconf 81' lang='lat' dir='ltr'>Nec</span> <span class='ocrx_word' id='word_1_228' title='bbox 230 1635 445 1671; x_wconf 82' lang='lat' dir='ltr'>Plutarchus</span> <span class='ocrx_word' id='word_1_229' title='bbox 462 1635 651 1672; x_wconf 82' lang='lat' dir='ltr'>Themist.</span> <span class='ocrx_word' id='word_1_230' title='bbox 670 1647 755 1684; x_wconf 83' lang='lat' dir='ltr'>pag.</span> <span class='ocrx_word' id='word_1_231' title='bbox 778 1635 863 1672; x_wconf 76' lang='lat'>113.</span> <span class='ocrx_word' id='word_1_232' title='bbox 888 1649 923 1671; x_wconf 87' lang='lat' dir='ltr'>D.</span> <span class='ocrx_word' id='word_1_233' title='bbox 944 1634 1212 1677; x_wconf 81' lang='lat' dir='ltr'>disconvenit3</span> <span class='ocrx_word' id='word_1_234' title='bbox 1243 1635 1286 1670; x_wconf 89' lang='lat' dir='ltr'>in</span> <span class='ocrx_word' id='word_1_235' title='bbox 1309 1635 1426 1671; x_wconf 85' lang='lat' dir='ltr'>trire-</span> 
     </span>
     <span class='ocr_line' id='line_1_27' title="bbox 131 1689 1424 1743; baseline 0.002 -19"><span class='ocrx_word' id='word_1_236' title='bbox 131 1689 285 1735; x_wconf 84' lang='lat' dir='ltr'>mium,</span> <span class='ocrx_word' id='word_1_237' title='bbox 306 1703 404 1739; x_wconf 79' lang='lat' dir='ltr'>quas</span> <span class='ocrx_word' id='word_1_238' title='bbox 423 1697 562 1743; x_wconf 79' lang='lat' dir='ltr'>centum</span> <span class='ocrx_word' id='word_1_239' title='bbox 582 1694 825 1726; x_wconf 84' lang='lat' dir='ltr'>constructas</span> <span class='ocrx_word' id='word_1_240' title='bbox 845 1695 1058 1734; x_wconf 80' lang='lat' dir='ltr'>asseverat,</span> <span class='ocrx_word' id='word_1_241' title='bbox 1085 1691 1195 1728; x_wconf 82' lang='lat' dir='ltr'>Corn.</span> <span class='ocrx_word' id='word_1_242' title='bbox 1217 1691 1371 1739; x_wconf 80' lang='lat' dir='ltr'>Nepotis</span> <span class='ocrx_word' id='word_1_243' title='bbox 1384 1698 1424 1727; x_wconf 70' lang='lat' dir='ltr'>&#39;c-</span> 
     </span>
     <span class='ocr_line' id='line_1_28' title="bbox 133 1744 1277 1797; baseline 0.001 -17"><span class='ocrx_word' id='word_1_244' title='bbox 133 1757 171 1781; x_wconf 87' lang='lat'>2.</span> <span class='ocrx_word' id='word_1_245' title='bbox 195 1756 385 1786; x_wconf 82' lang='lat' dir='ltr'>consensu</span> <span class='ocrx_word' id='word_1_246' title='bbox 412 1751 450 1781; x_wconf 90' lang='lat' dir='ltr'>et</span> <span class='ocrx_word' id='word_1_247' title='bbox 473 1747 648 1797; x_wconf 83' lang='lat' dir='ltr'>Polyaeni</span> <span class='ocrx_word' id='word_1_248' title='bbox 670 1747 699 1782; x_wconf 91' lang='grc' dir='ltr'>Ι.</span> <span class='ocrx_word' id='word_1_249' title='bbox 722 1745 788 1789; x_wconf 81' lang='lat'>30,</span> <span class='ocrx_word' id='word_1_250' title='bbox 821 1744 855 1781; x_wconf 84' lang='lat'>5.</span> <span class='ocrx_word' id='word_1_251' title='bbox 882 1745 1067 1794; x_wconf 82' lang='lat' dir='ltr'>gaudens.</span> <span class='ocrx_word' id='word_1_252' title='bbox 1096 1749 1153 1783; x_wconf 84' lang='lat' dir='ltr'>W</span> <span class='ocrx_word' id='word_1_253' title='bbox 1164 1745 1277 1782; x_wconf 86' lang='lat' dir='ltr'><strong>ESS.</strong></span> 
     </span>
    </p>

    <p class='ocr_par' dir='ltr' id='par_1_4' title="bbox 126 1799 1425 2387">
     <span class='ocr_line' id='line_1_29' title="bbox 184 1799 1423 1849; baseline -0.001 -13"><span class='ocrx_word' id='word_1_254' title='bbox 184 1800 277 1837; x_wconf 83' lang='lat' dir='ltr'>Ibid.</span> <span class='ocrx_word' id='word_1_255' title='bbox 293 1816 350 1838; x_wconf 74' lang='grc' dir='ltr'>τον</span> <span class='ocrx_word' id='word_1_256' title='bbox 369 1799 449 1847; x_wconf 73' lang='grc' dir='ltr'>πρδς</span> <span class='ocrx_word' id='word_1_257' title='bbox 463 1800 540 1842; x_wconf 65' lang='lat' dir='ltr'>Azy.</span> <span class='ocrx_word' id='word_1_258' title='bbox 563 1801 609 1836; x_wconf 84' lang='grc' dir='ltr'>λέ</span> <span class='ocrx_word' id='word_1_259' title='bbox 619 1801 705 1846; x_wconf 70' lang='grc' dir='ltr'>γω)</span> <span class='ocrx_word' id='word_1_260' title='bbox 725 1801 989 1845; x_wconf 83' lang='lat' dir='ltr'>Postremum,</span> <span class='ocrx_word' id='word_1_261' title='bbox 1006 1800 1202 1849; x_wconf 84' lang='lat' dir='ltr'>neglectui</span> <span class='ocrx_word' id='word_1_262' title='bbox 1223 1799 1423 1844; x_wconf 84' lang='lat' dir='ltr'>habitum,</span> 
     </span>
     <span class='ocr_line' id='line_1_30' title="bbox 129 1853 1423 1903; baseline 0.001 -13"><span class='ocrx_word' id='word_1_263' title='bbox 129 1854 313 1902; x_wconf 87' lang='lat' dir='ltr'>primum</span> <span class='ocrx_word' id='word_1_264' title='bbox 344 1854 446 1889; x_wconf 84' lang='lat' dir='ltr'>mihi</span> <span class='ocrx_word' id='word_1_265' title='bbox 474 1854 687 1892; x_wconf 82' lang='lat' dir='ltr'>videbatur</span> <span class='ocrx_word' id='word_1_266' title='bbox 716 1855 957 1891; x_wconf 86' lang='lat' dir='ltr'>mutandum</span> <span class='ocrx_word' id='word_1_267' title='bbox 990 1855 1034 1890; x_wconf 88' lang='lat' dir='ltr'>in</span> <span class='ocrx_word' id='word_1_268' title='bbox 1069 1853 1186 1903; x_wconf 70' lang='grc' dir='ltr'>λόγῳε</span> <span class='ocrx_word' id='word_1_269' title='bbox 1216 1855 1271 1890; x_wconf 93' lang='lat' dir='ltr'>sic</span> <span class='ocrx_word' id='word_1_270' title='bbox 1298 1855 1423 1891; x_wconf 84' lang='lat' dir='ltr'>bellum</span> 
     </span>
     <span class='ocr_line' id='line_1_31' title="bbox 129 1908 1425 1960; baseline -0.002 -15"><span class='ocrx_word' id='word_1_271' title='bbox 129 1924 208 1946; x_wconf 86' lang='lat' dir='ltr'>cum</span> <span class='ocrx_word' id='word_1_272' title='bbox 222 1912 410 1960; x_wconf 78' lang='lat' dir='ltr'>Aeginetis</span> <span class='ocrx_word' id='word_1_273' title='bbox 435 1909 692 1946; x_wconf 87' lang='lat' dir='ltr'>Themistocli</span> <span class='ocrx_word' id='word_1_274' title='bbox 717 1910 810 1945; x_wconf 86' lang='lat' dir='ltr'>haec</span> <span class='ocrx_word' id='word_1_275' title='bbox 829 1910 1011 1946; x_wconf 86' lang='lat' dir='ltr'>suadenti</span> <span class='ocrx_word' id='word_1_276' title='bbox 1039 1909 1160 1946; x_wconf 86' lang='lat' dir='ltr'>fuisse</span> <span class='ocrx_word' id='word_1_277' title='bbox 1188 1915 1344 1946; x_wconf 86' lang='lat' dir='ltr'>tantum</span> <span class='ocrx_word' id='word_1_278' title='bbox 1363 1908 1425 1944; x_wconf 91' lang='lat' dir='ltr'>di-</span> 
     </span>
     <span class='ocr_line' id='line_1_32' title="bbox 129 1964 1423 2014; baseline -0.001 -13"><span class='ocrx_word' id='word_1_279' title='bbox 129 1971 287 2001; x_wconf 85' lang='lat' dir='ltr'>ceretur</span> <span class='ocrx_word' id='word_1_280' title='bbox 307 1971 540 2014; x_wconf 71' lang='lat' dir='ltr'>praetextus,</span> <span class='ocrx_word' id='word_1_281' title='bbox 581 1970 627 2000; x_wconf 89' lang='lat' dir='ltr'>ut</span> <span class='ocrx_word' id='word_1_282' title='bbox 663 1976 796 2001; x_wconf 84' lang='lat' dir='ltr'>revera</span> <span class='ocrx_word' id='word_1_283' title='bbox 832 1964 933 2007; x_wconf 77' lang='lat' dir='ltr'>fuit3</span> <span class='ocrx_word' id='word_1_284' title='bbox 965 1965 1145 2014; x_wconf 86' lang='lat' dir='ltr'>graviora</span> <span class='ocrx_word' id='word_1_285' title='bbox 1179 1965 1306 2009; x_wconf 87' lang='lat' dir='ltr'>bella,</span> <span class='ocrx_word' id='word_1_286' title='bbox 1343 1965 1423 2012; x_wconf 65' lang='lat' dir='ltr'>qua</span> 
     </span>
     <span class='ocr_line' id='line_1_33' title="bbox 128 2019 1423 2068; baseline -0.002 -12"><span class='ocrx_word' id='word_1_287' title='bbox 128 2026 217 2057; x_wconf 83' lang='lat' dir='ltr'>erat-</span> <span class='ocrx_word' id='word_1_288' title='bbox 230 2019 469 2068; x_wconf 82' lang='lat' dir='ltr'>perspicacia</span> <span class='ocrx_word' id='word_1_289' title='bbox 483 2046 492 2064; x_wconf 92' lang='lat'>,</span> <span class='ocrx_word' id='word_1_290' title='bbox 509 2019 627 2055; x_wconf 81' lang='lat' dir='ltr'>facile</span> <span class='ocrx_word' id='word_1_291' title='bbox 642 2019 904 2068; x_wconf 85' lang='lat' dir='ltr'>praevidenti.</span> <span class='ocrx_word' id='word_1_292' title='bbox 935 2020 1004 2057; x_wconf 88' lang='lat' dir='ltr'>Sed</span> <span class='ocrx_word' id='word_1_293' title='bbox 1023 2019 1118 2068; x_wconf 88' lang='lat' dir='ltr'>quia</span> <span class='ocrx_word' id='word_1_294' title='bbox 1137 2032 1272 2068; x_wconf 85' lang='lat' dir='ltr'>margo</span> <span class='ocrx_word' id='word_1_295' title='bbox 1287 2019 1423 2067; x_wconf 86' lang='lat' dir='ltr'>Steph.</span> 
     </span>
     <span class='ocr_line' id='line_1_34' title="bbox 127 2073 1423 2123; baseline 0.001 -13"><span class='ocrx_word' id='word_1_296' title='bbox 127 2073 197 2111; x_wconf 84' lang='lat' dir='ltr'>dat</span> <span class='ocrx_word' id='word_1_297' title='bbox 213 2076 352 2118; x_wconf 68' lang='grc' dir='ltr'>λέγων</span> <span class='ocrx_word' id='word_1_298' title='bbox 367 2101 377 2117; x_wconf 92' lang='grc'><strong><em>,</em></strong></span> <span class='ocrx_word' id='word_1_299' title='bbox 415 2075 487 2111; x_wconf 86' lang='lat' dir='ltr'>hoc</span> <span class='ocrx_word' id='word_1_300' title='bbox 509 2075 711 2111; x_wconf 83' lang='lat' dir='ltr'>sincerum</span> <span class='ocrx_word' id='word_1_301' title='bbox 732 2075 930 2117; x_wconf 58' lang='lat' dir='ltr'>arbitron</span> <span class='ocrx_word' id='word_1_302' title='bbox 969 2075 1093 2111; x_wconf 82' lang='lat' dir='ltr'>bellum</span> <span class='ocrx_word' id='word_1_303' title='bbox 1124 2073 1423 2123; x_wconf 75' lang='lat' dir='ltr'>intelligens</span> 
     </span>
     <span class='ocr_line' id='line_1_35' title="bbox 127 2129 1424 2179; baseline -0.001 -14"><span class='ocrx_word' id='word_1_304' title='bbox 127 2143 206 2179; x_wconf 74' lang='lat' dir='ltr'>cum</span> <span class='ocrx_word' id='word_1_305' title='bbox 222 2132 431 2179; x_wconf 79' lang='lat' dir='ltr'>Aeginetis,</span> <span class='ocrx_word' id='word_1_306' title='bbox 457 2129 563 2178; x_wconf 91' lang='lat' dir='ltr'>quod</span> <span class='ocrx_word' id='word_1_307' title='bbox 593 2129 788 2172; x_wconf 80' lang='lat' dir='ltr'>instabat3</span> <span class='ocrx_word' id='word_1_308' title='bbox 820 2130 893 2166; x_wconf 89' lang='lat' dir='ltr'>hoc</span> <span class='ocrx_word' id='word_1_309' title='bbox 915 2131 1053 2166; x_wconf 86' lang='lat' dir='ltr'>saltem</span> <span class='ocrx_word' id='word_1_310' title='bbox 1083 2129 1336 2165; x_wconf 90' lang='lat' dir='ltr'>intellectum</span> <span class='ocrx_word' id='word_1_311' title='bbox 1357 2142 1424 2166; x_wconf 88' lang='lat' dir='ltr'>vo-</span> 
     </span>
     <span class='ocr_line' id='line_1_36' title="bbox 128 2182 1423 2232; baseline 0 -12"><span class='ocrx_word' id='word_1_312' title='bbox 128 2184 222 2221; x_wconf 83' lang='lat' dir='ltr'>luit.</span> <span class='ocrx_word' id='word_1_313' title='bbox 255 2186 431 2221; x_wconf 83' lang='lat' dir='ltr'>Isocrates</span> <span class='ocrx_word' id='word_1_314' title='bbox 450 2185 662 2221; x_wconf 78' lang='lat' dir='ltr'>Panathen.</span> <span class='ocrx_word' id='word_1_315' title='bbox 683 2198 721 2232; x_wconf 90' lang='lat' dir='ltr'>p.</span> <span class='ocrx_word' id='word_1_316' title='bbox 740 2198 829 2231; x_wconf 80' lang='lat'><strong>277.</strong></span> <span class='ocrx_word' id='word_1_317' title='bbox 847 2199 881 2222; x_wconf 91' lang='lat' dir='ltr'>D.</span> <span class='ocrx_word' id='word_1_318' title='bbox 907 2183 1039 2227; x_wconf 67' lang='grc' dir='ltr'><em>ἔλεγεν,</em></span> <span class='ocrx_word' id='word_1_319' title='bbox 1066 2182 1116 2222; x_wconf 70' lang='grc' dir='ltr'>ἔτι</span> <span class='ocrx_word' id='word_1_320' title='bbox 1138 2184 1177 2222; x_wconf 73' lang='lat' dir='ltr'>‹rv&#39;</span> <span class='ocrx_word' id='word_1_321' title='bbox 1202 2187 1262 2226; x_wconf 76' lang='grc' dir='ltr'>μὲν</span> <span class='ocrx_word' id='word_1_322' title='bbox 1285 2185 1423 2224; x_wconf 73' lang='grc' dir='ltr'>πεποίη-</span> 
     </span>
     <span class='ocr_line' id='line_1_37' title="bbox 128 2237 1423 2282; baseline -0.002 -6"><span class='ocrx_word' id='word_1_323' title='bbox 128 2256 184 2276; x_wconf 79' lang='grc' dir='ltr'>σαι</span> <span class='ocrx_word' id='word_1_324' title='bbox 207 2255 282 2282; x_wconf 80' lang='grc' dir='ltr'>τους</span> <span class='ocrx_word' id='word_1_325' title='bbox 310 2249 348 2277; x_wconf 70' lang='lat' dir='ltr'>M</span> <span class='ocrx_word' id='word_1_326' title='bbox 344 2237 391 2281; x_wconf 68' lang='lat' dir='ltr'>‘oy</span> <span class='ocrx_word' id='word_1_327' title='bbox 395 2255 449 2282; x_wconf 83' lang='grc' dir='ltr'>υς,</span> <span class='ocrx_word' id='word_1_328' title='bbox 479 2240 533 2281; x_wconf 71' lang='grc' dir='ltr'>ἐμὲ</span> <span class='ocrx_word' id='word_1_329' title='bbox 565 2240 603 2276; x_wconf 87' lang='grc' dir='ltr'>λ.’</span> <span class='ocrx_word' id='word_1_330' title='bbox 605 2256 682 2281; x_wconf 73' lang='grc' dir='ltr'><strong>γων.</strong></span> <span class='ocrx_word' id='word_1_331' title='bbox 726 2240 849 2277; x_wconf 86' lang='lat' dir='ltr'>Cicero</span> <span class='ocrx_word' id='word_1_332' title='bbox 878 2239 925 2275; x_wconf 91' lang='lat' dir='ltr'>de</span> <span class='ocrx_word' id='word_1_333' title='bbox 956 2239 1085 2276; x_wconf 81' lang='lat' dir='ltr'>Finib.</span> <span class='ocrx_word' id='word_1_334' title='bbox 1114 2243 1165 2276; x_wconf 88' lang='lat' dir='ltr'>V.</span> <span class='ocrx_word' id='word_1_335' title='bbox 1222 2240 1339 2275; x_wconf 88' lang='lat' dir='ltr'>.Hoc</span> <span class='ocrx_word' id='word_1_336' title='bbox 1366 2240 1423 2274; x_wconf 84' lang='lat' dir='ltr'>in-</span> 
     </span>
     <span class='ocr_line' id='line_1_38' title="bbox 126 2294 1421 2343; baseline -0.002 -13"><span class='ocrx_word' id='word_1_337' title='bbox 126 2296 204 2343; x_wconf 79' lang='lat' dir='ltr'>quit</span> <span class='ocrx_word' id='word_1_338' title='bbox 223 2308 296 2330; x_wconf 88' lang='lat' dir='ltr'>non</span> <span class='ocrx_word' id='word_1_339' title='bbox 313 2297 450 2343; x_wconf 82' lang='lat' dir='ltr'>poterit</span> <span class='ocrx_word' id='word_1_340' title='bbox 474 2297 524 2332; x_wconf 88' lang='lat' dir='ltr'>sic</span> <span class='ocrx_word' id='word_1_341' title='bbox 551 2294 673 2340; x_wconf 79' lang='lat' dir='ltr'>abire,</span> <span class='ocrx_word' id='word_1_342' title='bbox 702 2308 780 2330; x_wconf 86' lang='lat' dir='ltr'>cum</span> <span class='ocrx_word' id='word_1_343' title='bbox 811 2295 870 2331; x_wconf 82' lang='lat' dir='ltr'>hic</span> <span class='ocrx_word' id='word_1_344' title='bbox 898 2295 1012 2338; x_wconf 81' lang='lat' dir='ltr'>adsit,</span> <span class='ocrx_word' id='word_1_345' title='bbox 1042 2308 1093 2330; x_wconf 86' lang='lat' dir='ltr'>me</span> <span class='ocrx_word' id='word_1_346' title='bbox 1124 2301 1242 2331; x_wconf 81' lang='lat' dir='ltr'>autem</span> <span class='ocrx_word' id='word_1_347' title='bbox 1268 2294 1421 2330; x_wconf 82' lang='lat' dir='ltr'>dicebat.</span> 
     </span>
     <span class='ocr_line' id='line_1_39' title="bbox 126 2349 344 2387; baseline -0.015 0"><span class='ocrx_word' id='word_1_348' title='bbox 126 2349 243 2387; x_wconf 92' lang='lat' dir='ltr'>VAL</span> <span class='ocrx_word' id='word_1_349' title='bbox 256 2350 344 2385; x_wconf 82' lang='lat' dir='ltr'>CK.</span> 
     </span>
    </p>

    <p class='ocr_par' dir='ltr' id='par_1_5' title="bbox 234 2399 1415 2453">
     <span class='ocr_line' id='line_1_40' title="bbox 234 2399 1415 2453; baseline -0.003 -11"><span class='ocrx_word' id='word_1_350' title='bbox 234 2401 380 2442; x_wconf 81' lang='lat' dir='ltr'><em>CAP·</em></span> <span class='ocrx_word' id='word_1_351' title='bbox 400 2400 596 2442; x_wconf 81' lang='lat' dir='ltr'><em>CXLV.</em></span> <span class='ocrx_word' id='word_1_352' title='bbox 632 2417 643 2439; x_wconf 87' lang='lat'>1</span> <span class='ocrx_word' id='word_1_353' title='bbox 671 2417 743 2453; x_wconf 78' lang='lat' dir='ltr'>seq.</span> <span class='ocrx_word' id='word_1_354' title='bbox 766 2420 849 2441; x_wconf 85' lang='grc' dir='ltr'>των</span> <span class='ocrx_word' id='word_1_355' title='bbox 876 2405 946 2452; x_wconf 72' lang='grc' dir='ltr'>περὶ</span> <span class='ocrx_word' id='word_1_356' title='bbox 964 2421 1021 2445; x_wconf 71' lang='grc' dir='ltr'>την</span> <span class='ocrx_word' id='word_1_357' title='bbox 1046 2401 1200 2443; x_wconf 70' lang='grc' dir='ltr'>Ἑλλοὶὃοι</span> <span class='ocrx_word' id='word_1_358' title='bbox 1217 2399 1415 2451; x_wconf 59' lang='grc' dir='ltr'>Ἑλλήνων)</span> 
     </span>
    </p>
   </div>
   <div class='ocr_carea' id='block_1_3' title="bbox 125 2450 1418 2506">
    <p class='ocr_par' dir='ltr' id='par_1_6' title="bbox 125 2450 1418 2506">
     <span class='ocr_line' id='line_1_41' title="bbox 125 2450 1418 2506; baseline -0.002 -11"><span class='ocrx_word' id='word_1_359' title='bbox 125 2450 241 2495; x_wconf 71' lang='lat' dir='ltr'>Aut</span> <span class='ocrx_word' id='word_1_360' title='bbox 230 2471 274 2494; x_wconf 78' lang='lat' dir='ltr'>ln</span> <span class='ocrx_word' id='word_1_361' title='bbox 301 2458 388 2505; x_wconf 85' lang='lat' dir='ltr'>his,</span> <span class='ocrx_word' id='word_1_362' title='bbox 415 2458 476 2496; x_wconf 86' lang='lat' dir='ltr'>sed</span> <span class='ocrx_word' id='word_1_363' title='bbox 500 2459 633 2506; x_wconf 88' lang='lat' dir='ltr'>potius</span> <span class='ocrx_word' id='word_1_364' title='bbox 653 2458 695 2494; x_wconf 92' lang='lat' dir='ltr'>in</span> <span class='ocrx_word' id='word_1_365' title='bbox 718 2458 934 2506; x_wconf 79' lang='lat' dir='ltr'>proximis,</span> <span class='ocrx_word' id='word_1_366' title='bbox 962 2460 1039 2496; x_wconf 72' lang='grc' dir='ltr'>τών</span> <span class='ocrx_word' id='word_1_367' title='bbox 1065 2457 1111 2496; x_wconf 76' lang='grc' dir='ltr'>τοὶ</span> <span class='ocrx_word' id='word_1_368' title='bbox 1133 2458 1255 2503; x_wconf 61' lang='lat' dir='ltr'>duem</span> <span class='ocrx_word' id='word_1_369' title='bbox 1275 2454 1418 2506; x_wconf 73' lang='grc' dir='ltr'>Φρονεόν·</span> 
     </span>
    </p>
   </div>
  </div>
 </body>
</html>
