1718 2919
316 193 395 223 202
602 181 1345 224 ADNOTATIONES

372 294 409 331 4.
437 284 530 333 {am
558 282 588 324 δὲ
619 285 994 337 ἐπιλάμψαντος)
1024 287 1183 325 Codices
1212 288 1332 325 etiam
1367 289 1556 338 praebent
1573 292 1603 329 Ι.

315 354 399 391 cap.
425 355 513 391 ¹90·
536 340 594 390 ἐάρ
622 341 868 383 ὑπέλαμπε
893 343 956 378 hic
974 342 1006 379 si
1034 343 1175 380 darent
1191 340 1283 392 ἔαρος
1307 341 1337 382 δὲ
1364 344 1603 389 §venatuum-

315 414 392 440 τος,
424 398 664 444 praeferrem
695 403 741 433 ut
763 396 962 433 usitatius.
1000 400 1078 434 Hoc
1099 398 1169 434 ubi
1194 399 1309 434 habet
1337 399 1518 437 Chariton
1539 401 1605 437 Ill·

317 465 355 500 p.
379 453 446 496 51,
469 467 506 501 9.
533 451 644 488 dedit
670 452 883 488 Herodotea
910 453 1017 489 Clar.
1037 455 1282 494 D’Orvillius,
1308 464 1354 489 ex
1378 453 1604 499 ἐπιλάμψαν-

314 523 367 550 τος
386 507 457 542 hoc
477 508 521 543 in
553 508 638 543 loco
663 506 793 543 maius
822 507 1116 544 incrementum
1137 508 1350 556 colligens;
1383 509 1445 545 sed
1464 510 1605 546 confu-

317 567 374 598 tat
395 561 500 598 illud
532 575 604 599 vox
626 562 777 598 adiecta
803 561 937 609 πρώϊσςε
972 564 1092 611 paulo
1108 563 1228 599 etiam
1252 569 1336 611 post
1356 571 1604 601 memoratur

314 615 355 654 ro*
389 615 448 664 ἐάρ
476 616 666 660 γενόμενον,
697 617 875 665 opposite
903 618 951 653 ad
979 616 1037 667 ἐόιρ
1066 617 1292 660 ὖπολοὶμπον,
1322 619 1383 655 vel
1411 618 1602 663 ὗποφαῗνον.

313 674 520 720 Nusquam
542 671 647 719 apud
670 673 945 722 Xenophontem
971 673 1219 718 invenietur,
1247 680 1292 710 ut
1312 679 1408 721 puto
1423 700 1433 717 ‚
1453 672 1511 722 ἔαρ
1530 674 1606 712 ἔπε’-

316 735 429 769 spoewe:
456 727 518 763 sed
552 725 611 774 ἒόιρ
638 726 795 769 ὑπέφαινε
828 740 864 776 p„
887 741 982 777 292,
1003 742 1065 775 27.
1102 728 1200 772 300,
1227 741 1285 774 17.
1314 734 1354 765 et
1378 728 1494 765 alibi.
1537 728 1603 766 Sic

313 783 435 819 Livius
460 782 621 818 orditur
647 781 800 819 librum
833 785 956 820 XXII.
982 785 1058 820 Iam
1076 797 1136 819 ver
1161 782 1372 833 appetebat,
1394 790 1428 820 et
1455 785 1604 821 Hanni-

315 837 375 874 bal
395 852 437 874 εει·
462 838 618 874 hibernis
648 839 776 874 movit:
809 837 880 874 ista
911 838 1103 875 Codicum
1128 838 1246 874 lectio
1276 838 1414 875 ceteris
1442 838 1603 875 videtur

312 892 601 940 anteponenda.
629 887 877 942 [Vulgatum
898 892 1074 937 ἔπιλαμψ.
1104 898 1328 930 constanter
1347 898 1483 930 tenent
1502 893 1603 931 libri

314 944 488 998 omnes.]
528 950 600 984 Hic
636 949 822 984 Herodoto
848 948 968 984 scribi
1001 959 1163 997 quoque
1190 954 1392 997 potuerat,
1425 954 1470 985 ut
1499 948 1602 985 alibi

313 1003 437 1047 solet,
465 1000 543 1044 ἅμα
572 1018 606 1039 τε
634 1000 691 1050 ἔαρ
720 1002 923 1045 ὑπέλαμπε,
957 1005 1015 1041 mi
1043 1005 1059 1041 ὅ
1087 1002 1240 1046 ναυτικδς
1263 1004 1446 1046 συνελέγετο
1474 1003 1502 1046 ἔς
1525 1002 1601 1042 Σοί-

312 1073 396 1101 μονε
433 1058 633 1106 eleganter
665 1069 775 1094 nunc
806 1057 990 1105 ponitur,
1026 1055 1141 1105 πρῶϊος
1178 1059 1384 1100 συιελέγετο,
1421 1064 1579 1096 maturus
1592 1082 1607 1104 ,ν

315 1125 389 1160 pro
409 1111 505 1160 πρωΐ.
535 1114 606 1148 Pro
628 1111 718 1156 ὄψέ,
748 1114 848 1157 sero,
870 1118 916 1152 ut
944 1113 1094 1150 Latinis
1123 1126 1241 1157 serus,
1268 1125 1348 1149 non
1382 1120 1604 1161 usurpatur

315 1164 451 1217 (quod
479 1163 630 1214 sciam)
660 1164 811 1210 ἔῴιμσς,
834 1167 897 1203 sed
930 1167 1081 1213 δψίξωνε
1117 1180 1188 1215 pro
1220 1165 1358 1210 σκότους
1380 1165 1491 1212 ἔντος,
1523 1184 1602 1206 σκο-

314 1225 417 1265 τιαῒος
433 1221 669 1266 adhibetur,
695 1227 740 1257 ut
757 1225 990 1270 vespertinus.
1017 1219 1227 1259 VALCK.

377 1290 438 1313 10.
469 1274 735 1324 ὁἈμίτ-ρκς)
757 1278 899 1313 Fuerat
917 1276 1178 1326 Ἰθαμίτρης,
1196 1276 1316 1313 sicuti
1334 1277 1406 1313 lib.
1424 1278 1490 1314 IX.
1515 1289 1603 1313 102.

315 1332 432 1368 euius
466 1331 599 1378 priore
630 1331 891 1368 obsolescente
922 1332 1078 1375 littera,
1114 1337 1349 1380 mutataque
1375 1331 1526 1376 altera,
1561 1331 1603 1367 icl

316 1386 490 1436 prodiit,
517 1385 623 1434 quod
642 1385 841 1422 cernitur:
870 1399 962 1423 nam
986 1386 1157 1429 eundem
1176 1386 1368 1431 describi,
1395 1387 1520 1423 dubio
1538 1399 1604 1423 va.

316 1447 391 1479 cat.
421 1442 624 1478 Fuerit-ne
645 1439 817 1487 Ἀρτόντης
837 1439 1041 1489 Ἰθοεμοίτρεω
1071 1441 1145 1477 lib.
1175 1443 1258 1479 VII.
1286 1442 1348 1488 67.
1373 1441 1495 1478 huius
1523 1442 1603 1478 fra-

317 1502 398 1543 ter,
426 1501 466 1532 et
492 1495 616 1544 patris
642 1494 736 1531 hinc
763 1495 1043 1545 corrigendum
1071 1507 1238 1540 nomen,
1269 1509 1348 1532 non
1369 1496 1606 1533 adfirmave-

317 1566 374 1589 ro.
413 1551 562 1589 Verius
597 1549 806 1599 προνῖϊσαν
832 1563 879 1587 ex
907 1551 1100 1588 Codicum
1122 1551 1300 1588 discorde
1321 1551 1540 1600 scriptura,
1564 1555 1605 1588 et

316 1606 366 1646 ro*
393 1605 474 1654 ’πρδς
496 1607 646 1655 ἑσπέρης,
668 1604 774 1652 quod
791 1618 823 1641 c.
847 1606 932 1642 152.
963 1607 1086 1646 WVES
1099 1607 1135 1643 S.

427 1659 572 1701 CAP.
603 1657 826 1699 CXXXI.
859 1662 996 1712 5seqq.
1037 1658 1233 1707 Λευτυχίδης
1266 1661 1284 1699 o‘
1314 1660 1476 1710 Μενάρεος
1503 1655 1608 1710 etc.)

316 1718 561 1769 Leotychidae
581 1723 688 1766 pater
711 1722 746 1752 et
763 1729 847 1752 avus
873 1722 1150 1753 memorantur
1168 1716 1289 1752 etiam
1306 1729 1425 1764 supra
1447 1716 1520 1751 lib.
1538 1717 1607 1752 VI.

316 1786 350 1810 c.
371 1773 435 1809 65.
476 1774 664 1815 l'roavus,
692 1771 861 1815 abavus,
889 1771 1090 1820 ceterique
1114 1771 1303 1815 maiores,
1323 1772 1370 1807 ad
1390 1771 1608 1819 Theopom-

317 1840 415 1876 pum
439 1839 582 1876 usque,
600 1826 767 1863 aliunde
785 1827 910 1862 ferme
930 1831 1026 1862 sunt
1046 1826 1196 1875 ignoti,
1223 1826 1375 1875 quippe
1397 1826 1470 1874 qui
1489 1826 1611 1877 Spar-y

317 1889 379 1919 tae
398 1895 478 1918 non
498 1882 762 1931 regnaverint.
790 1881 861 1919 Sed
878 1908 887 1925 ,
913 1881 945 1917 si
972 1883 1120 1929 septem
1148 1880 1238 1925 isti,
1267 1881 1340 1929 qui
1366 1886 1452 1929 post
1471 1883 1606 1927 Leoty-

316 1938 471 1974 chidem
496 1937 618 1984 primi
646 1941 946 1985 memorantur,
971 1949 1050 1972 non
1079 1937 1191 1972 fuere
1211 1937 1350 1985 Reges,
1381 1934 1502 1971 scribi
1524 1946 1603 1969 nou

317 1992 451 2041 potuit
470 1993 541 2028 hoc
558 2005 597 2028 ca
607 1992 686 2040 pite
705 1989 881 2048 [lin.13.
895 1988 912 2043 ]
938 1993 1023 2030 οὗτοι
1042 1989 1147 2028 πέντε
1151 2007 1164 2033 ς
1184 1989 1271 2031 πλην
1290 1991 1354 2027 τῶν
1374 1987 1502 2035 δυῷνε
1521 2002 1605 2026 cor-

316 2047 531 2096 rigendum
560 2047 747 2091 videtur,
782 2049 868 2085 οὗτοι
900 2045 1044 2089 πάντες,
1075 2045 1163 2086 »nmina
1189 2061 1253 2082 των
1286 2043 1394 2082 {rt-oi
1421 2060 1486 2081 των
1512 2043 1601 2084 ueri

317 2107 361 2140 Λε
365 2099 494 2148 υτυχίεδ
486 2118 521 2138 οι
540 2118 672 2149 πρωτων
685 2102 975 2146 καταλεχθέντων,
993 2102 1020 2138 οἱ
1035 2098 1134 2137 ἄλλοι
1151 2100 1338 2142 Βασιλῆες’
1326 2100 1464 2141 εγένσντο
1483 2096 1605 2145 Σπάρ·

316 2172 382 2198 rug-
429 2156 640 2193 Levissima
672 2156 880 2201 correctio,
908 2168 1010 2204 quae
1038 2155 1113 2190 Iac.
1133 2156 1311 2190 Palmerio
1335 2153 1528 2198 debetur,
1560 2154 1606 2190 fit

317 2210 440 2248 unius
463 2211 602 2247 literae
623 2211 865 2252 mutatione3
903 2210 1062 2259 reliqua
1081 2210 1252 2245 Palmerii
1276 2207 1489 2244 molimina
1521 2220 1611 2255 pro-

314 2266 403 2302 bari
424 2271 642 2313 nequeunt.
675 2267 793 2315 Reges
822 2265 1019 2301 Proclidas
1044 2274 1285 2299 enumerans
1308 2264 1447 2300 Herod.
1476 2263 1607 2299 forsa-u

315 2321 360 2355 in
388 2321 539 2370 generis
566 2326 726 2356 auctore
754 2320 887 2356 Procle
909 2319 1112 2360 substitit,
1139 2324 1212 2354 aut
1244 2318 1287 2353 in
1320 2318 1451 2365 primo
1478 2316 1610 2364 potius

315 2375 428 2412 iuxta
450 2375 772 2412 Lacedaemonios
797 2375 899 2424 Rege
919 2373 1194 2413 Aristodem03
1219 2380 1340 2420 atque
1362 2373 1469 2408 hunc
1487 2371 1607 2408 etiam

317 2430 513 2467 ultimum
531 2436 716 2479 posuerat
732 2441 934 2466 recensens
947 2427 1259 2476 Eurysthenidas
1277 2427 1349 2462 lib.
1367 2428 1452 2464 VH.
1469 2439 1502 2463 c.
1520 2433 1610 2470 204,
