1718 2919
310 215 389 266 164
580 212 1330 255 ADNOTATIONES

306 318 405 366 (aut
425 320 457 355 εἰ
484 315 718 366 acciderunt)
745 318 851 354 haud
880 318 1004 360 dubie
1031 329 1097 354 eae
1125 330 1183 354 res
1213 318 1526 367 intelliguntur,
1555 316 1604 353 de

305 374 457 422 quibus
476 373 656 421 Scriptor
682 379 815 410 noster
842 385 927 421 cap.
955 374 1041 419 35„
1070 373 1307 421 priusquam
1333 373 1434 409 hanc
1456 373 1606 422 digres-

305 428 457 465 sionem
476 428 524 464 de
542 428 748 476 superiore
768 427 973 472 Miltiade,
1004 428 1136 476 primo
1158 428 1388 464 Chersonesi
1409 435 1602 476 tyranno,

304 483 509 527 instituit,
538 483 651 532 loqui
678 489 879 531 coeperat,
904 496 1002 531 quas
1022 496 1114 519 mox
1132 483 1275 519 deinde
1294 496 1378 531 cap.
1398 491 1464 528 41.
1484 494 1602 530 expo-

309 550 404 575 nere
428 538 569 588 pergit.
597 538 709 587 Quod
732 541 796 575 lin.
818 546 855 583 4.
880 539 959 582 ait,
974 540 1069 586 τρίτῳ
1090 536 1158 575 ἔτεϊ
1176 539 1309 576 τουτέων
1324 564 1334 580 ,
1358 537 1398 573 id
1419 537 1601 587 quidem,

303 605 374 640 per
394 605 433 629 se
452 593 627 641 positum
641 620 650 637 ,
677 598 830 641 poterat
853 595 960 630 tertio
975 607 1001 642 p
1015 599 1089 630 ost
1108 607 1205 629 anno
1234 593 1477 642 significare,
1496 592 1602 629 sieut

274 673 280 678 -
303 646 432 697 δευτέρῳ
455 646 524 686 ἔτεϊ
540 650 677 686 τουτέων
701 661 783 697 cap.
812 649 861 692 46
877 675 886 693 ,
911 661 943 684 1.
973 648 1036 684 sed
1058 659 1105 683 ex
1129 647 1331 684 adiunctis
1358 647 1398 684 h.
1425 648 1455 684 1.
1482 646 1601 684 facile

302 702 487 751 adparet,
517 705 624 739 tertio
654 711 759 740 ante
788 717 885 740 anno
918 702 1118 751 intelligi:
1147 702 1253 750 quod
1282 702 1415 750 ipsum
1437 713 1600 751 quoque

298 770 394 794 mox
415 758 458 793 in
481 759 561 794 fine
590 758 712 794 huius
739 771 823 806 cap.
844 759 989 794 diserte
1018 757 1266 802 declaratur,
1289 759 1385 806 τρίτῳ
1409 755 1480 795 ἔτεϊ
1501 773 1550 805 πρ
1565 754 1603 795 o'·

300 829 418 860 τερον
443 814 506 850 τᾶν
531 811 609 851 τέτε
629 829 684 856 μιν
705 813 931 859 κατεχόντων.
961 814 1071 861 Quae
1097 812 1132 847 ei
1160 813 1276 848 tertio
1303 818 1395 848 ante
1413 824 1519 849 anno
1537 824 1600 848 ac·

299 868 512 911 ciderunt,
535 879 577 904 ea
602 867 826 916 χαλεπώτερα
854 869 1034 913 fuerant,
1063 870 1255 917 graviora,
1282 869 1450 912 duriora,
1474 879 1599 916 quam

299 934 403 971 quae
423 935 548 960 nunc.
583 925 701 961 Nunc
724 923 834 959 enim
858 921 934 974 (ut
963 936 1048 970 cap.
1074 934 1151 971 seq.
1172 919 1392 972 narratur)
1421 922 1600 959 Athenas

298 990 392 1014 cum
413 977 602 1013 omnibus
620 978 702 1014 suis
719 979 863 1026 opibus
877 1006 886 1024 ,
918 990 986 1027 per
1005 978 1135 1014 otium
1155 978 1340 1026 quinque
1364 976 1600 1014 triremibus

298 1032 519 1081 impositis,
546 1034 657 1069 ultro
679 1034 855 1070 Athenas
884 1040 1085 1083 repetens,
1119 1045 1241 1068 unam
1269 1032 1432 1081 quidem
1457 1043 1600 1069 navem

296 1088 435 1124 amisit
463 1101 485 1124 a
519 1088 782 1125 Phoenicibus
818 1102 910 1125 cum
947 1088 1035 1125 filio
1069 1100 1140 1123 suo
1171 1094 1350 1136 captam3
1387 1087 1451 1123 sed
1488 1086 1599 1124 nihil

296 1143 397 1178 mali
417 1143 562 1179 accidit
593 1143 704 1189 filio,
731 1156 851 1192 quem
878 1143 1093 1180 admodum
1126 1143 1246 1178 etiam
1279 1142 1504 1179 liberaliter
1528 1153 1598 1178 rex

296 1199 505 1235 Persarum
529 1199 704 1247 excepit:
731 1200 849 1235 tertio
871 1211 963 1236 vero
992 1204 1085 1234 ante
1108 1211 1237 1243 anno,
1258 1197 1411 1245 Scythis
1435 1198 1602 1234 Cherso-

297 1265 437 1290 nesum
465 1253 750 1290 invadentibus
764 1281 773 1298 ,
803 1254 895 1303 fuga
916 1266 954 1290 se
971 1253 1176 1302 proripere
1194 1259 1349 1289 coactus
1368 1258 1473 1297 erat,
1499 1258 1538 1288 et
1554 1252 1601 1288 in

295 1308 438 1344 exsilio
454 1309 580 1345 vitam
605 1321 730 1359 agere.
768 1310 901 1353 Σκύθας
928 1310 1010 1352 ἐκφ
1025 1307 1145 1351 εὐγει
1171 1309 1290 1357 vulgo
1313 1307 1470 1350 editur;
1495 1319 1599 1356 quae

295 1363 328 1400 si
343 1374 433 1400 vera
449 1365 650 1412 scriptura
663 1391 673 1408 ‚
692 1365 861 1401 verbum
878 1363 1043 1407 ἐκφεύγειν
1058 1376 1137 1399 non
1154 1366 1338 1400 consueta
1353 1363 1511 1411 alioqui
1529 1375 1600 1399 no-

297 1418 433 1465 tione,
459 1425 507 1455 ut
534 1431 618 1467 cap.
647 1420 719 1465 38,
749 1433 781 1454 1.
808 1419 935 1467 accipi
962 1418 1141 1460 debebit;
1176 1418 1274 1468 (nec
1301 1418 1410 1454 enim
1438 1418 1510 1454 hoc
1533 1418 1600 1454 ad-

297 1474 438 1510 modum
457 1487 600 1523 grave
624 1480 732 1518 erat,
759 1475 865 1522 quod
895 1475 1051 1525 Scythas
1087 1471 1268 1523 effugit
1285 1471 1321 1521 :)
1350 1473 1414 1509 sed
1448 1471 1597 1515 ἐκφεύγει

298 1529 338 1564 h.
363 1530 392 1564 l.
419 1529 525 1564 idem
551 1535 671 1577 atque
696 1529 869 1578 simplex
892 1530 1003 1572 φεύγει
1027 1528 1205 1573 sonabit,
1228 1531 1277 1565 ad
1293 1529 1511 1579 Scytharum
1531 1529 1598 1565 ad·-

295 1591 439 1620 ventum
470 1598 488 1620 e
523 1585 744 1621 Chersoneso
772 1583 966 1634 profugit,
988 1582 1091 1634 fuga
1126 1587 1277 1621 salutem
1302 1590 1424 1632 petere
1451 1589 1600 1621 coactus

296 1646 363 1676 est.
403 1638 475 1675 Sed
510 1639 581 1675 hae
610 1640 773 1676 notione
798 1640 968 1684 rectius,
1008 1647 1054 1675 ut
1082 1639 1185 1674 mihi
1219 1639 1400 1682 videtur,
1438 1636 1598 1681 ἔφευγε

295 1693 481 1730 scribunt
499 1695 609 1731 codd.
630 1697 747 1732 Arch.
766 1703 803 1731 et
824 1697 932 1731 Vind.
952 1694 1058 1743 quod
1080 1694 1200 1730 etiam
1223 1695 1335 1730 Valla
1357 1705 1429 1729 suo
1450 1693 1493 1728 in
1513 1692 1598 1729 cod.

298 1749 487 1796 reperisse
510 1749 695 1787 videtur:
730 1758 851 1800 atque
874 1751 1009 1786 eodem
1041 1749 1156 1785 modo
1190 1762 1280 1785 mox
1310 1749 1408 1784 libri
1438 1759 1597 1793 omnes,

297 1805 505 1840 Herodoteo
547 1817 676 1850 more,
712 1805 751 1841 id
785 1807 953 1842 verbum
991 1802 1083 1853 (lin.
1119 1802 1179 1853 8.)
1218 1809 1428 1852 repetunt,
1464 1801 1597 1846 τούτους

298 1857 451 1901 ἐπιόντας
472 1879 488 1885 -
504 1879 520 1885 -
536 1880 553 1886 -
572 1858 627 1903 ἔφ
641 1876 749 1902 says.
779 1862 1002 1909 Supersunt
1030 1859 1206 1908 primora
1235 1859 1357 1895 huius
1374 1871 1458 1905 cap.
1475 1858 1597 1894 verba

299 1913 608 1955 consideranda„
632 1909 739 1958 Οὗτος
761 1914 791 1952 δὲ
819 1916 836 1953 o‘
864 1918 1010 1957 Κίμωνος
1034 1921 1143 1952 Mam.
1170 1916 1279 1951 νεωστὶ
1310 1916 1369 1955 μὲν
1399 1911 1542 1951 ἐληλύθεε
1567 1913 1596 1955 ἐς

297 1967 355 2009 τήν
371 1973 470 2015 Χερσ.
491 1981 593 2016 quae
612 1970 759 2017 partim
777 1970 823 2006 ad
846 1970 1026 2019 proxime
1048 1970 1341 2018 praecedentem
1362 1968 1598 2004 reseruntur

298 2023 591 2069 narrationem,
620 2025 767 2072 partim
794 2025 841 2061 ad
870 2025 1076 2073 sequentia
1100 2024 1313 2060 transitum
1342 2029 1497 2071 parant.
1535 2020 1597 2058 Ibi

297 2075 327 2114 δὲ
351 2078 572 2125 particula,
602 2087 648 2115 ut
670 2092 782 2127 saepe
803 2080 909 2128 apud
928 2082 1117 2117 Nostrum
1133 2107 1142 2125 ,
1178 2079 1282 2115 idem
1305 2078 1384 2114 sere
1403 2090 1447 2114 ac
1468 2076 1503 2115 δή
1523 2081 1598 2114 aut

290 2127 349 2169 miv
372 2133 499 2177 valet,
525 2140 563 2169 et
584 2135 654 2170 hoc
674 2135 773 2170 dicit
793 2136 990 2182 Scriptor:
1021 2136 1095 2171 Hic
1115 2137 1227 2183 igitur
1246 2134 1452 2178 Miltiades,
1479 2133 1598 2170 Cimo-

298 2189 353 2223 nis
364 2189 468 2234 filius
482 2214 491 2223 .
521 2192 728 2226 nov-issimus
754 2190 814 2226 vel
834 2197 1034 2238 postremus
1062 2189 1134 2237 (ex
1152 2189 1348 2226 Miltiadis
1370 2189 1429 2226 roi?
1446 2186 1596 2225 Kmrofi’

299 2240 488 2292 familia)
520 2246 557 2279 in
574 2245 831 2281 Chersonesum
859 2251 1022 2281 venerat:
1053 2251 1188 2292 estque
1207 2244 1301 2280 adeo
1328 2242 1390 2278 hic
1421 2242 1497 2277 illo
1528 2253 1597 2289 po-

296 2297 461 2341 sterior,
490 2310 560 2334 nec
580 2311 672 2335 cum
695 2300 899 2348 superiore
923 2299 1239 2335 confundendus.
1270 2298 1313 2337 S.

356 2353 391 2387 6.
418 2368 594 2401 &vvis-‘tf
609 2353 757 2397 κ’Φκσ-αι
771 2372 783 2391 ν
810 2358 866 2391 xxi
895 2352 1048 2402 ἕλκῃ-κν)
1075 2357 1192 2405 Quum
1212 2369 1248 2391 se
1266 2357 1304 2390 in
1324 2365 1429 2389 unum
1444 2353 1594 2399 con-glo-

297 2406 440 2442 bassent
463 2406 624 2455 Scythae
644 2410 858 2453 Nomades,
889 2411 938 2445 ad
968 2409 1064 2445 hanc
1093 2424 1197 2458 usque
1226 2410 1484 2447 Chersonesum
1504 2417 1595 2454 pro-

297 2468 490 2499 cesserunt.
520 2464 590 2499 Pro
608 2463 886 2513 κκτεστροίφητοιν
913 2464 990 2501 lib.
1007 2467 1039 2502 1.
1058 2477 1090 2502 c.
1117 2464 1204 2502 130.
1231 2476 1278 2501 ex
1303 2461 1425 2502 Codd.
1446 2459 1592 2498 merito
