1718 2919
285 217 383 257 AD
430 215 837 256 HERODOT.
885 215 1033 257 vm.
1070 218 1231 259 23-26·
1350 230 1402 269 99

107 323 286 372 pulverem
309 323 349 358 in
367 323 520 358 cadaver
541 324 764 358 accumulare
793 321 954 369 propria
976 321 1178 358 locutione
1195 321 1406 358 dicebatur

114 375 352 418 ἐπαμήσασθοιι
373 376 435 418 γῆν
448 402 459 419 ,
479 382 518 412 et
543 375 629 414 xo'uv
648 375 898 418 ἐπαμήσατο-θαι.
934 377 1004 411 Pro
1023 376 1213 419 ἕνκμκο-αμ.
1230 376 1404 412 scriben-

115 430 213 466 dum
236 430 380 467 usitato
401 444 510 467 more
528 429 778 471 ἐπαμησάμενοι
808 429 894 468 κόνιν
923 430 963 465 in
984 431 1105 466 schot.
1123 431 1170 467 ad
1189 432 1300 480 δορὴ.
1320 432 1407 467 An·

115 484 185 533 tig.
199 497 255 521 vs.
273 486 363 533 261.
393 486 451 522 De
469 485 685 525 testudine,
706 497 775 521 ova
796 498 864 521 sua
887 485 929 520 in
949 485 1066 520 litore
1083 492 1255 534 tegente,
1274 486 1408 533 posuit

116 539 310 577 Plutarch.
329 542 370 577 T.
393 542 439 577 Il.
470 553 507 588 p.
525 541 615 584 (382.
639 552 672 576 Β.
692 537 732 576 τὲ
753 537 922 576 λειότατον
948 539 1127 580 {vasta-dvm
1155 541 1215 582 τῆς
1233 538 1326 582 θινός
1348 539 1410 577 oev'-

117 597 184 636 τοῖς
206 597 264 631 καὶ
288 592 551 636 μαλακώτατον.
596 593 813 629 Rarissima
836 594 963 630 forma
989 593 1116 630 activa
1138 594 1297 642 scripsit
1315 595 1410 630 Iam-

117 648 227 685 blich.
243 648 291 683 de
309 648 393 686 Vit.
412 649 521 695 Pyth.
544 661 579 696 p.
601 648 708 693 160.‚
725 650 787 690 γῆς
805 649 1035 690 {numia-ocutus
1052 651 1118 691 τοῖς
1138 649 1288 686 πεσοῦσι.
1322 650 1410 684 For-

118 714 208 742 mae
226 702 308 741 vim
327 715 488 751 quoque
508 702 656 739 tribuit
673 703 783 738 verbi
812 702 933 738 medii
957 703 1131 751 Origenes
1161 716 1193 739 c.
1214 703 1317 740 Cels.
1341 704 1412 740 VI.

119 770 160 805 p.
183 757 272 793 285.
285 784 295 801 ‚
317 757 383 793 cui
402 763 506 795 veste
526 757 693 792 indutus
712 756 875 805 lugubri
894 756 1048 793 dicitur
1067 756 1153 794 κόνιν
1175 756 1409 800 ἐπαμώμενος,

113 815 259 861 pulvere
277 811 343 848 sibi
362 819 470 860 caput
492 813 722 861 adspergens.
755 811 850 848 Vid.
870 812 977 848 Clar.
1000 813 1181 849 D’Oruill.
1205 811 1247 846 in
1269 811 1413 848 charit.

122 879 163 914 p.
185 866 275 902 366.
295 867 357 902 sed
388 868 432 902 in
453 879 566 902 versu
598 867 802 915 Theognid.
824 875 938 912 427.7
962 878 1082 913 quem
1104 866 1220 908 citat,
1251 865 1413 915 vulgata

120 920 359 968 displicebat
383 922 651 957 Hemsterhusio
680 921 816 965 lectio,
847 921 994 956 melior
1026 921 1150 957 altera
1177 920 1414 965 videbatur,

121 979 225 1018 γαῖαν
243 975 480 1019 ἐφεσσάμενον,
501 976 547 1011 ad
568 975 728 1025 Hes-ych.
744 977 786 1011 T.
808 977 835 1011 Ι.
858 989 894 1023 p.
914 975 1028 1010 1552.
1047 974 1101 1011 sic
1120 974 1274 1011 dicitur
1288 974 1417 1010 iacere

122 1029 307 1074 cadaver,
337 1032 552 1079 operimento
578 1032 705 1066 matris
728 1030 938 1074 obducam,-
967 1028 1117 1077 quihus
1140 1029 1271 1065 verbis
1292 1030 1415 1067 Cicero

120 1084 172 1120 de
195 1087 284 1134 Leg.
301 1085 344 1122 II.
363 1097 425 1120 22.
439 1111 449 1129 ,
470 1085 594 1121 istum
615 1084 830 1120 adludebat
845 1085 1097 1132 Xenophontis
1123 1084 1254 1120 locum
1269 1111 1278 1120 ,
1293 1095 1417 1132 quem

124 1144 267 1176 tractat
286 1138 349 1175 vir
377 1152 572 1175 summus.
610 1139 680 1175 Sed
711 1139 756 1174 ad
780 1140 1001 1175 Herodotum
1032 1139 1133 1174 forte
1156 1139 1250 1174 satis
1279 1139 1418 1174 fuisset

123 1193 350 1238 monuisse,
373 1194 514 1230 Xerxis
534 1194 681 1229 factum
703 1193 748 1228 ad
768 1194 1050 1241 Thermopylas
1070 1191 1201 1242 (quod
1224 1193 1360 1242 attigit
1379 1199 1420 1229 et

121 1250 299 1301 Polyaen.
319 1250 405 1285 VH.
424 1261 457 1284 c.
477 1248 519 1284 15
533 1274 543 1292 9
561 1256 596 1292 4.
615 1247 626 1294 )
660 1248 899 1294 Spartiatam
923 1255 1049 1295 postea
1073 1247 1262 1295 temporis
1284 1247 1420 1284 imita-

126 1308 214 1339 tum
241 1302 502 1352 Agesilaum,
537 1303 610 1350 qui
640 1304 736 1338 fidos
767 1302 843 1338 sibi
874 1303 989 1339 iussit
1015 1302 1239 1349 Σπαρτιάτας
1271 1301 1416 1350 νεκρούς,

125 1357 398 1400 ἐπαμκσαμένους
416 1356 522 1402 κόνιν,
551 1355 753 1405 οἷποκρύψκι
767 1383 777 1401 ,
802 1363 847 1393 ut
869 1357 1010 1393 scribit
1033 1359 1208 1407 Polyaen.
1229 1358 1273 1392 ΙΙ.
1296 1371 1307 1392 1
1327 1384 1336 1403 ‚
1355 1357 1420 1393 23.

124 1413 341 1450 VALCK.

236 1464 382 1505 CAP.
395 1464 557 1504 XXV.
589 1467 625 1501 6.
652 1465 784 1513 ὁρέοντες
806 1468 862 1503 καὶ
881 1464 955 1508 τούς
974 1463 1180 1512 εἵλωτας)
1212 1467 1352 1514 Magna
1374 1465 1419 1501 in
1449 1475 1453 1477 ⁴

128 1520 192 1556 his
218 1521 280 1557 Cl.
304 1522 346 1556 de
371 1522 481 1557 Ραιιιν
502 1520 731 1556 molimina.
770 1523 893 1570 Negat
923 1521 1027 1557 ullos
1057 1521 1231 1557 adfuisse
1249 1522 1421 1566 Hilotas;

129 1583 246 1624 negat
264 1582 440 1623 quatuor
460 1578 698 1611 Graecorum
716 1575 763 1610 ad
778 1576 1060 1623 Thermopylas
1083 1575 1250 1611 iacuisse
1271 1574 1421 1611 millia.

130 1628 283 1672 Εἵλωτκς
300 1629 395 1665 facit
417 1626 566 1672 ἰδιώταις,
600 1630 680 1666 sive
710 1633 815 1666 cives:
850 1631 1047 1678 scriptum
1076 1636 1274 1678 praeterea
1299 1642 1422 1678 supra

133 1698 168 1721 c.
201 1693 264 1728 24.
295 1684 394 1720 olim
430 1684 571 1727 fuisse,
605 1683 846 1727 ὑπολιπόμενος
872 1686 1007 1722 τουτέων
1046 1684 1087 1727 ὦς
1121 1687 1416 1731 τετρακισχιλίους.

130 1738 300 1776 Proinde
320 1745 405 1787 post
435 1739 634 1774 nonnulla
663 1740 726 1776 τῶν
754 1742 812 1780 μὲν
838 1743 941 1784 χίλιοι
972 1740 1135 1779 ἐφαίνοντο
1159 1742 1277 1786 νεκροὶ,
1303 1741 1422 1775 Grae-

131 1807 271 1831 corum
307 1801 403 1830 sunt
438 1793 642 1835 cadavera;
680 1794 819 1840 τέο-σεςες
854 1806 945 1829 vero
977 1792 1127 1838 χιλιάδες
1141 1820 1151 1837 ,
1200 1796 1421 1830 Persarum.

131 1851 233 1886 Haec
263 1862 386 1897 pauca
414 1848 461 1884 de
485 1848 640 1884 multis.
677 1850 754 1896 Ego
775 1860 866 1884 vero
886 1848 987 1884 scire
1007 1849 1278 1896 maximopere
1305 1860 1422 1893 aveo,

132 1903 302 1952 quinam
321 1903 388 1938 illi
414 1909 569 1951 praeter
588 1904 799 1950 Spartanos
817 1911 855 1939 et
872 1903 1124 1951 Thespienses
1143 1901 1289 1946 ἰδιῶται,
1311 1905 1423 1947 εἰμες,

132 1958 165 1995 si
185 1970 325 1995 eorum
343 1958 459 1994 mille
479 1965 636 1994 tantum
664 1957 843 1993 fuerint?
864 1964 902 1993 et
922 1959 1121 2005 quomodo
1140 1964 1286 1993 nautae
1307 1954 1424 2007 [clas-

134 2010 272 2063 siarii]
298 2024 345 2048 ex
377 2012 509 2050 ἶδιωτῶν
539 2012 773 2060 corporibus
804 2024 1009 2061 agnoscere
1039 2014 1251 2060 Spartanos
1286 2019 1423 2060 potue-

135 2067 248 2104 rint?
290 2070 464 2108 Hilotae,
487 2080 585 2115 quos
610 2067 783 2103 adfuisse
813 2068 990 2103 vidimus
1019 2069 1103 2103 VH.
1135 2080 1245 2112 222.,
1279 2067 1422 2103 habitu

136 2123 332 2170 cultuque
352 2134 462 2170 pares
482 2122 618 2158 ceteris
643 2135 721 2157 non
748 2130 874 2159 erant.
915 2125 993 2158 Hoc
1019 2122 1218 2169 amplius,
1246 2122 1277 2157 si
1306 2122 1424 2158 mille

136 2176 331 2213 duntaxat
365 2177 502 2214 Graeci
533 2177 577 2212 ad
615 2177 896 2224 Thermopylas
933 2177 1149 2213 ceciderint
1167 2204 1176 2220 ,
1214 2177 1312 2224 quid
1357 2178 1425 2219 fiet

136 2231 452 2280 Epigrammate,
474 2231 517 2267 in
537 2244 617 2279 quo
638 2233 1009 2267 contumulatorum
1032 2229 1180 2277 χιλιάδες
1198 2233 1318 2280 τέτορες
1338 2232 1426 2269 VH.

140 2287 262 2322 228.?
307 2287 378 2322 Sed
403 2287 561 2329 desino;
595 2286 634 2322 id
666 2288 943 2322 tantummodo
976 2288 1205 2328 adstruens,
1236 2286 1425 2322 ieiunum

138 2341 212 2377 hoc
232 2340 275 2376 in
291 2347 561 2390 strategemate
579 2342 799 2392 Polyaenum
818 2354 896 2377 esse
917 2342 989 2377 lib.
1008 2343 1093 2377 VII.
1116 2354 1128 2375 1
1141 2342 1176 2385 5,
1192 2350 1227 2384 4.
1244 2342 1374 2377 WES
1387 2341 1424 2377 S.

250 2393 394 2434 CAP.
411 2394 600 2434 XXVI.
623 2411 657 2432 2.
681 2395 864 2437 αὖτόμολοι
886 2393 990 2443 ἄνδρες
1004 2395 1067 2432 (ἐπ’
1088 2392 1287 2443 Ἀρκαδίης)
1316 2396 1427 2443 Quae

139 2450 273 2500 primo
293 2450 527 2488 viderentur
544 2452 729 2499 adspectu
750 2452 865 2500 longe
885 2450 1023 2486 dissita
1036 2477 1046 2496 a
1064 2451 1229 2486 solerter
1247 2451 1302 2485 sic
1322 2462 1427 2485 com-

1074 2506 1106 2540 G
1137 2517 1156 2540 2
