1718 2919
300 264 399 303 AD
449 261 1154 302 HERonor.v.61.62.
1332 266 1384 312 59

87 381 172 419 gum
190 379 227 417 p.
250 367 321 404 361
339 393 349 412 ,
371 367 433 404 31.
460 372 499 402 et
520 367 583 411 34.
609 372 648 402 et
671 379 708 415 p.
734 365 832 410 565,
856 366 891 402 8.
918 365 1094 414 denique
1118 364 1225 414 apud
1255 366 1386 402 Eusta-

87 425 200 460 thium
217 423 303 459 loco
317 435 409 458 mox
427 421 607 457 citando:
630 421 875 469 quibuscum
891 432 1021 469 quum
1041 427 1198 465 nostrae
1215 422 1386 457 membr.

88 480 130 516 F.
160 477 433 521 consentiant,
472 489 552 512 non
593 476 791 526 negligere
825 475 947 512 debui
982 476 1083 511 hanc
1118 475 1385 524 scripturam„

87 538 284 570 caeterum
323 543 373 567 ne
413 532 581 568 alteram
617 531 784 580 quidem
822 528 1055 580 (Λιψύὸριον)
1094 531 1238 579 utique
1277 531 1386 566 dam-

90 600 202 624 nans.
240 583 318 637 S.]

150 656 209 679 12.
235 641 275 680 τδ
303 641 380 689 ὑπὲρ
401 637 652 690 Παιονίης)
675 641 817 677 Menda
840 640 902 677 his
921 652 961 676 se
983 639 1113 688 turpis
1133 639 1383 676 insinuavit:

85 697 188 746 quid
210 696 318 733 enim
336 709 426 732 cum
449 695 606 732 Atticae
626 695 721 732 loeis
749 708 948 732 conmune
974 696 1171 740 Paeoniae,
1204 694 1386 744 longissi-

89 752 213 789 mein
238 750 508 790 Macedoniam
528 757 726 787 remotae?
751 752 919 789 Eustath.
936 750 984 787 ad
1001 753 1114 786 Hom.
1139 763 1175 798 p.
1195 751 1268 795 461
1290 777 1300 794 ,
1320 763 1386 786 20.

87 803 156 857 [p.
174 806 243 843 351
263 833 273 850 ‚
299 806 356 842 13.
373 806 432 842 ed.
452 803 560 853 Bas.]
589 805 666 853 ὑπὲρ
696 807 754 849 τῆς
782 804 940 854 Excipe-⁶5
969 804 1205 853 Lipsydrion
1227 806 1358 841 locans
1373 831 1385 850 ‚

88 861 222 898 eadem
252 860 492 910 inquinatus
511 867 567 897 est
592 861 773 905 macula,
806 872 897 896 vero
925 866 1056 896 tamen
1085 860 1282 909 propiore.
1313 861 1387 896 He-

88 917 233 968 sychius
272 922 311 952 et
345 917 471 952 suidas
508 915 587 963 ὑπὲρ
625 913 807 963 noim-Ao„
838 930 948 964 supra
980 916 1220 960 Parnethem,
1262 915 1386 964 idque

86 971 371 1008 certissimum.
409 968 537 1018 Πάρνης
563 969 720 1006 Atticae
746 983 858 1006 mons
891 976 993 1014 erat,
1021 983 1141 1019 supra
1168 982 1288 1018 quem
1321 972 1386 1007 Li-

82 1028 273 1078 psydrium
309 1025 618 1062 Alcmaeonidae
646 1026 799 1061 exsules
830 1025 1084 1062 munierunt.
1138 1025 1306 1062 Proinde
1342 1023 1384 1062 ro*

92 1080 170 1129 ὑπὲρ
196 1079 414 1129 Πάρνηθος
433 1080 522 1116 iure
551 1080 623 1115 hoc
646 1079 811 1116 refinxit
831 1081 915 1117 loco
941 1082 986 1117 L.
1006 1083 1211 1119 Kitstcrus.
1234 1080 1281 1116 ad
1306 1083 1385 1117 Sui-

88 1137 155 1173 dac
183 1135 261 1173 Ἐπὶ
287 1132 483 1184 Λειψυδςίῳ.
525 1137 659 1183 Ipsum
685 1141 819 1171 autem
847 1135 953 1171 illud
981 1135 1243 1172 Grammatici
1278 1135 1386 1172 testi-

88 1190 225 1227 monio
247 1196 325 1234 est,
351 1189 650 1227 Alcmaeonidis
669 1190 717 1226 ad
737 1190 994 1238 Lipsydrium
1016 1203 1099 1227 rem
1123 1191 1287 1238 pessime
1306 1202 1385 1227 ces-

86 1246 202 1290 sisse,
230 1244 498 1293 adfirmatque
517 1245 671 1294 elegans
696 1246 898 1282 cantilena
925 1245 968 1282 in
988 1246 1168 1282 Athenaei
1197 1246 1270 1281 lib.
1293 1248 1384 1283 XV.

83 1313 122 1349 p.
143 1300 233 1351 695.
254 1314 304 1342 r.;
325 1301 380 1337 Io.
401 1302 577 1337 Meursius
598 1299 640 1335 in
667 1300 795 1337 I'isist.
819 1313 851 1337 c.
881 1301 939 1337 16.
971 1301 1105 1349 plura.
1133 1302 1312 1339 WESS.

141 1356 234 1392 Ibid.
263 1353 439 1403 Λιψύὲρισν
458 1355 497 1393 ‘to'
524 1354 602 1402 ὑπὲρ
629 1353 869 1403 Παιονίης)
889 1354 1118 1404 Ποέρνκῦος,
1153 1355 1292 1392 simei
1323 1367 1383 1393 res

85 1415 182 1447 esset
199 1410 383 1455 arbitrii,
415 1414 666 1458 recuperaret
691 1412 923 1455 Herodotus;
952 1417 991 1447 et
1019 1423 1106 1447 vera
1137 1413 1183 1447 L.
1206 1413 1382 1455 Κᾶεὶενί,

87 1466 150 1504 Cl.
175 1465 425 1515 Wesselingio
451 1466 639 1513 probata,
664 1465 892 1501 coniectura
920 1466 1021 1502 Diss.
1045 1468 1181 1503 Herod.
1208 1479 1246 1514 p.
1273 1479 1383 1511 110.‚

88 1520 275 1556 omnibus
296 1520 361 1556 hic
389 1525 701 1568 anteponeretur
723 1520 950 1557 Codicibus.
998 1521 1075 1558 Cui
1101 1521 1235 1558 eadem
1267 1526 1383 1558 erant

84 1575 134 1611 ad
155 1587 343 1618 manum,
375 1586 477 1623 quae
503 1577 687 1619 Kitstero,
715 1576 770 1612 Io.
793 1578 969 1612 Meum-ius
1000 1575 1042 1611 in
1068 1576 1217 1613 Pisistr.
1238 1589 1269 1614 c.
1300 1577 1381 1621 16„

85 1630 276 1666 Eustath.io
309 1629 538 1678 legitimum
567 1629 731 1678 quidem
768 1630 948 1667 restituit
976 1631 1103 1667 Attici
1139 1631 1288 1668 montis
1313 1644 1383 1667 no-

86 1695 200 1727 men3
233 1684 275 1719 in
298 1685 484 1721 Herodoto
506 1690 578 1720 aut
595 1696 729 1720 veram
758 1698 838 1721 non
858 1685 963 1721 vidit
984 1686 1216 1731 lectionem,
1242 1692 1314 1722 aut
1332 1686 1384 1722 il-

87 1739 175 1775 lum
196 1752 219 1775 a
237 1739 381 1775 veteris
402 1739 562 1774 librarii
592 1750 663 1786 per
680 1752 816 1776 omnes
840 1740 1024 1789 deinceps
1053 1741 1213 1778 Codices
1239 1754 1382 1789 propa-

81 1800 172 1842 gato
198 1806 332 1830 errore
360 1794 592 1843 corrigendo
616 1794 814 1831 deterruit
842 1807 944 1843 quae
972 1797 1121 1832 multos
1147 1795 1294 1832 insidet
1321 1808 1382 1832 re-

86 1848 207 1898 ligio,
243 1862 322 1890 non
346 1849 420 1885 illa
446 1849 583 1884 minus
616 1850 774 1885 fortasse
792 1850 1018 1886 damnanda
1046 1864 1168 1900 quam
1201 1851 1380 1887 aliorum

84 1910 140 1940 est
165 1903 454 1940 inconsiderata
484 1903 696 1940 temeritas.
725 1907 872 1940 Locum
892 1907 1101 1956 Etymologi
1131 1911 1252 1955 prout
1277 1912 1381 1943 recte

85 1958 249 2009 corrigit
271 1960 379 1996 Clar.
399 1961 449 1996 D.
469 1960 658 1995 Ruhnken.
681 1959 723 1994 in
749 1961 842 1996 Tim.
862 1962 953 1997 Lex.
973 1974 1012 2009 p.
1039 1962 1125 1998 150.
1151 1958 1264 2012 [pag.
1286 1961 1381 1998 208.

84 2012 145 2050 ed.
164 2010 262 2064 sec.]
286 2014 406 2050 codex
420 2013 584 2050 exhibet
613 2020 752 2051 mstus.
792 2014 909 2052 Nihil
936 2015 1107 2064 impedit
1132 2030 1213 2065 quo
1242 2016 1386 2053 minus
1409 2033 1419 2041 x

87 2067 152 2104 hic
166 2081 284 2105 suum
301 2069 379 2105 Iovi
400 2068 639 2105 restituatur
652 2081 887 2118 cognomen,
906 2070 971 2106 cui
992 2070 1034 2106 in
1053 2072 1244 2109 Parnethe
1264 2084 1380 2107 mon-

89 2127 126 2158 te
142 2129 336 2160 sacratum
355 2124 504 2169 altare,
530 2122 649 2167 Βωμδς
674 2126 852 2167 Σκμκλέιυ
873 2123 952 2167 Διδς
975 2124 1128 2162 dicitur
1151 2126 1259 2175 apud
1282 2128 1380 2163 Pau-

87 2189 168 2214 san.
193 2191 231 2226 p.
252 2180 315 2224 78.
336 2179 364 2214 f.
390 2175 494 2229 [lib.
513 2181 542 2215 Ι.
566 2192 597 2215 c.
619 2175 705 2228 32.]
737 2179 839 2214 Hinc
863 2183 1040 2217 &maleus
1064 2182 1220 2229 Iupiter
1241 2183 1381 2233 Gyral·

87 2232 153 2277 do,
176 2235 330 2269 Mem-sio
345 2260 354 2278 ‚
381 2233 555 2281 aliisque
579 2233 785 2270 innotuit:
817 2235 1028 2271 auferatur
1056 2237 1236 2284 primum
1259 2237 1378 2273 litera

88 2287 194 2322 male
224 2288 410 2335 repetita:
446 2288 595 2329 ἑμαλέευ
626 2288 743 2323 facile
772 2288 885 2325 dabit
916 2290 1165 2339 genuinum,
1197 2298 1244 2328 ut
1269 2292 1378 2328 arbi-

91 2346 196 2386 tror,
224 2341 400 2384 Ἰκμαλέου
417 2345 530 2392 pluvii
550 2343 649 2379 Iovis
670 2355 814 2379 nomen
830 2370 840 2387 ,
867 2344 909 2379 in
938 2346 1070 2384 Attica
1101 2358 1213 2394 saepe
1238 2347 1378 2384 siticu-

85 2394 167 2431 losa
196 2397 364 2432 solemni
396 2410 558 2446 precum
587 2398 762 2434 formula
789 2399 958 2444 evocati,
987 2413 1108 2447 quam
1136 2405 1190 2438 Μ.
1217 2405 1378 2439 Antoni-

85 2464 148 2486 nus
170 2450 283 2487 nobis
305 2453 476 2489 servavit
492 2456 543 2490 V.
563 2466 599 2498 7.
628 2452 733 2488 Idem
760 2465 881 2500 paene
903 2466 1046 2490 nomen
1069 2456 1230 2503 turpius
1247 2457 1377 2494 defor-

84 2510 237 2542 matum
257 2506 352 2543 latet
377 2507 485 2555 apud
515 2509 687 2545 clement.
706 2511 814 2545 Ales.
847 2509 993 2547 Strom.
1023 2512 1090 2548 VI.
1120 2524 1158 2559 p.
1181 2513 1279 2559 753,
1311 2525 1375 2559 27.
