1718 2919
302 282 398 323 AD
444 282 1130 332 HERODOT.VII.2-4.
1288 284 1365 323 261

62 387 195 426 -etiam
212 385 342 423 dictus
359 385 514 435 Iustino)
533 389 665 423 aetatis
682 387 872 435 privilegio
892 399 1042 435 regnum
1060 386 1126 422 sibi
1141 384 1369 427 vindicabat,

77 445 136 480 καὶ
154 440 207 480 ἔτι
239 442 326 488 [ἱῐη.
349 440 424 491 im]
453 440 721 488 νομιζόμενον
745 440 791 481 εἴη
820 439 901 488 orffa}
927 439 1060 478 πάντων
1090 437 1281 488 ἀνθρώπων,
1309 436 1368 475 τδν

69 495 302 544 ’πρεσβύτατον
330 495 388 536 riv
420 495 525 542 α’ρχνῖν
552 494 651 541 ἔχειν.
695 498 738 531 In
766 495 828 530 his
850 496 1045 539 Herodoti,
1065 494 1097 530 si
1121 494 1183 531 vel
1210 493 1252 528 in
1274 492 1369 529 aliis

78 563 159 588 non
192 551 409 600 legeretur,
437 563 483 587 ex
509 551 692 587 Euslathii
722 550 864 586 Codice
888 550 1124 593 scriberem,
1156 550 1214 585 me)
1238 545 1290 585 ἔτι
1317 562 1369 584 νο·

79 603 295 651 μιξᾶμενοι
327 605 393 645 εἶκε
428 617 547 653 quem
581 605 635 641 sic
663 604 798 654 legisse
819 604 949 652 liquet
974 616 1020 639 ex
1041 603 1127 639 eius
1148 604 1303 640 Comm.
1324 601 1368 636 in

79 659 142 697 Ἰλ.
165 658 202 697 α’.
238 673 275 707 p.
299 673 369 704 22,
393 661 426 697 G.
447 667 551 708 etp.
575 668 649 704 44,
673 660 734 695 51.
763 659 856 707 omem*
888 656 1050 707 Ἡροδότῳ
1083 656 1366 702 νομιζόμενα,

81 713 154 752 οἷντὶ
189 715 247 752 τοῦ
279 714 578 761 νομιξόμενοντ
617 713 687 750 ubi
726 715 843 762 plura
874 713 1036 763 collegit
1064 711 1233 749 similia.
1265 710 1370 747 conf.

78 769 132 806 H.
150 770 273 817 Sceph.
303 769 347 804 in
377 772 482 817 App.
507 770 618 807 Thes.
643 768 754 817 Ling.
785 771 853 806 Gr.
882 782 920 817 p.
940 770 1011 813 46,
1033 768 1119 804 ι5ο.
1149 767 1371 804 VALCK.

80 842 132 851 -—
161 824 219 860 De
249 824 425 860 nominis
454 824 608 872 proprii
635 823 831 871 scriptura
852 824 943 860 vide
975 825 1065 860 Var.
1086 824 1187 859 Lect.
1204 821 1252 858 ad
1283 820 1323 859 h.
1341 819 1371 857 l.

79 883 119 914 et
141 878 289 915 Adnot.
307 879 354 914 ad
376 882 445 917 Vl.
469 881 539 929 98,
563 880 598 916 8.
647 878 727 927 Qui
756 879 916 927 Αρτοβαςῖ
944 878 1134 926 scripsere
1162 874 1371 919 Graeculi,

79 932 123 968 hi
151 933 200 968 ad
222 945 407 983 graecum
436 935 568 970 vocab.
595 932 690 982 ἄρτος
714 932 911 983 originem
933 933 1076 970 Persici
1106 931 1284 968 nominis
1313 941 1372 966 re·-

79 987 272 1025 ferebant.
303 987 350 1026 S.

141 1056 201 1079 12.
233 1041 283 1081 ἔτι
308 1041 562 1088 νομιζόμενοι
582 1038 659 1092 εἴη)
687 1043 855 1081 Nullam
882 1040 1086 1089 νομιζόμενον
1110 1041 1225 1078 litem
1258 1052 1374 1088 expe-

79 1096 255 1142 rix-etur,
276 1097 319 1133 ni
341 1099 446 1134 Pass.
465 1103 501 1133 et
520 1098 687 1135 Eustach.
708 1110 792 1134 eam
814 1097 1087 1133 intenderent:
1121 1108 1295 1133 caussam
1316 1097 1374 1131 Io·

79 1165 181 1189 num
206 1151 518 1200 Atticm-umque
543 1153 808 1197 consuetudo,
836 1155 970 1189 neutris
990 1150 1223 1188 huiusmodi
1246 1153 1376 1200 Plura-

74 1208 169 1245 libus
199 1206 486 1257 gaudentium,
513 1213 639 1255 urget.
680 1210 851 1251 Morem,
882 1220 962 1256 quo
984 1213 1081 1243 natu
1107 1206 1238 1243 maior
1268 1205 1375 1242 filio-

79 1274 173 1299 rum
202 1261 432 1311 postgenitis
460 1261 503 1297 in
530 1262 640 1311 regni
663 1263 904 1300 successione
931 1263 1179 1305 antefertur,
1199 1262 1269 1297 iuri
1286 1273 1375 1310 gen·

78 1319 166 1353 tium
192 1324 231 1354 et
265 1324 419 1353 naturae
444 1324 650 1364 acceptum
678 1319 836 1355 Iustinus
873 1318 971 1362 fert,
1010 1322 1056 1353 ut
1085 1315 1252 1352 Eusebius
1286 1315 1373 1352 Vit.

80 1373 286 1409 Constant.
306 1374 335 1408 l.
356 1385 420 1409 21.
443 1370 532 1420 νόμῳ
563 1370 698 1415 Φύσεως.
739 1373 949 1411 Videndus
973 1377 1029 1408 est
1047 1373 1100 1408 H.
1122 1372 1268 1408 Grotius
1292 1372 1373 1406 Iur.

79 1426 183 1465 Belli
203 1433 241 1463 et
260 1428 345 1465 Pac.
369 1429 415 1463 II.
436 1440 473 1474 7.
498 1428 558 1463 13.
586 1433 624 1463 et
650 1440 753 1475 quae
779 1427 839 1463 ibi
868 1427 1019 1464 eruditi
1046 1430 1375 1463 conmentatores.

77 1482 265 1523 WESS.

189 1535 335 1576 CAP.
355 1533 452 1575 III.
480 1533 543 1587 [2.
574 1534 791 1585 Δκμοέξκτος)
822 1536 927 1574 Vide
948 1537 1021 1573 lib.
1039 1537 1110 1574 VI.
1128 1548 1161 1572 c.
1179 1549 1243 1582 70.
1272 1530 1335 1585 S.]

139 1592 176 1627 6.
206 1592 247 1635 ὤς
266 1592 286 1633 n‘
305 1589 408 1635 <eriz-15
425 1607 481 1633 μιν
501 1588 595 1642 ἔχει)
623 1594 735 1628 Sicuti
753 1606 876 1628 rumor
898 1593 940 1628 de
960 1605 1000 1627 eo
1016 1588 1113 1638 fert.
1145 1592 1257 1638 Quae
1283 1588 1376 1638 qui-

80 1645 170 1682 dem
202 1647 325 1683 dictio
354 1646 540 1682 tentanda
571 1659 651 1682 non
680 1647 824 1683 fuerat.
860 1644 1003 1688 Τούτους
1028 1649 1088 1688 μὲν
1113 1646 1251 1686 τοιαύτη
1275 1642 1377 1687 Φοί-τις

82 1699 154 1747 ἔχει
182 1701 341 1750 scripsit
368 1701 441 1738 lib.
462 1702 566 1738 VIII.
594 1710 658 1751 94.
687 1702 816 1749 capite
842 1713 935 1738 vero
966 1701 1002 1738 5.
1034 1706 1121 1748 post
1145 1712 1292 1749 pauca,
1322 1699 1376 1735 ἵνα

82 1753 184 1798 λόγος
205 1755 243 1794 τέ
267 1772 301 1794 σε
324 1754 405 1804 ἔχῃ.
441 1758 521 1793 Nec
547 1758 727 1792 multum
747 1757 899 1793 Pindari
917 1756 1004 1791 abit
1022 1756 1134 1806 Pyth.
1158 1755 1233 1792 Od.
1252 1757 1280 1791 Ι.
1301 1753 1376 1790 sub

84 1810 158 1847 fin.
176 1810 276 1859 ἐχθροὶ
295 1809 442 1859 Φάλαριν
462 1812 598 1856 κατέχει
616 1812 735 1859 παντᾷ
754 1810 868 1855 meing.
906 1810 1003 1847 Alia
1019 1837 1029 1855 ,
1054 1813 1179 1860 eatque
1197 1808 1375 1845 iucunda

84 1865 236 1914 figura,
265 1865 338 1902 lib.
362 1867 428 1902 IX.
458 1866 520 1902 83.
554 1864 626 1911 ἔχει
653 1864 686 1903 δέ
717 1881 790 1903 τινα
812 1864 914 1907 <beirna
945 1867 1004 1902 καὶ
1033 1863 1306 1908 mouumentum:
1338 1867 1377 1899 et

83 1919 244 1969 Euripid.
266 1921 404 1957 Helen.
425 1933 478 1958 vs.
500 1920 590 1967 257.
613 1919 653 1957 ‘to'
680 1918 708 1958 δ’
734 1920 813 1962 ἔμδν
835 1918 941 1963 ὄνομα
956 1918 1133 1965 Μαψίδιον
1162 1918 1234 1965 ἔχει
1262 1918 1377 1964 mairiu.

85 1973 157 2010 Sed
175 1975 354 2011 abstineo
373 1988 557 2012 manum.
585 1978 641 2013 W
656 1976 768 2012 ESS.

196 2028 340 2069 CAP.
361 2028 457 2068 JP'.
486 2026 552 2080 [3.
575 2028 664 2072 μετ-οὶ
687 2028 804 2067 ταῦτα’
835 2046 868 2068 τε
886 2032 943 2068 καὶ
963 2027 1137 2072 Αἰγύπτου
1159 2026 1375 2075 dvi-domm)

86 2084 386 2132 Requisiveram
407 2087 465 2122 καὶ
485 2083 556 2125 τήν
576 2084 657 2127 Azy.
685 2083 811 2123 οἷποστ.
849 2085 920 2122 Sed
942 2085 1131 2135 ignorant
1152 2083 1377 2120 articulum

86 2137 186 2174 libri
204 2151 350 2176 omnes.
372 2137 443 2191 S.]

145 2201 181 2237 4.
219 2195 268 2242 τῷ
297 2194 416 2242 ὑστέρῳ
447 2191 545 2243 ἔτεϊ)
569 2195 691 2231 Anno
717 2206 738 2230 a
769 2207 903 2244 pugna
931 2192 1184 2232 Marathonia
1207 2193 1376 2241 quinto;

88 2247 411 2295 quandoquidem
433 2261 520 2285 eam
538 2255 752 2297 apparatus
770 2248 818 2285 ad
840 2262 988 2285 novum
1017 2249 1174 2285 bellum
1201 2248 1381 2284 trienna·

87 2301 140 2337 lis
169 2302 341 2350 excepit,
372 2309 410 2340 et
438 2310 583 2353 quarto
610 2316 716 2340 anno
743 2305 947 2353 Aegyptus
977 2304 1147 2347 defecit,
1171 2304 1379 2339 Persarum

87 2367 246 2393 excusso
283 2357 397 2407 iugo,
432 2359 494 2395 uti
529 2359 714 2408 signatur
747 2359 970 2395 clarissime
995 2371 1028 2395 c.
1055 2371 1088 2395 1.
1133 2358 1378 2406 supremum

88 2422 178 2460 ergo
202 2411 308 2448 diem
328 2413 474 2450 Darius
498 2413 601 2450 obiit
626 2415 700 2450 sub
723 2426 879 2450 annum
900 2414 1064 2462 Olymp.
1089 2426 1225 2450 Lxx111.
1242 2423 1381 2448 secun-

85 2466 199 2503 dum.
235 2468 291 2503 At
319 2467 411 2503 haec
439 2468 604 2505 uberius
632 2470 680 2506 D.
707 2470 874 2506 Petavius
894 2469 1029 2505 Doctr.
1054 2470 1191 2515 Temp.
1224 2468 1298 2504 lib.
1329 2468 1380 2503 X.

90 2522 154 2558 23.
173 2527 212 2557 et
228 2523 282 2559 H.
300 2522 505 2561 Dodsvelzus
523 2524 635 2561 Ann.
657 2524 862 2576 Thucydid.
884 2536 922 2571 p.
942 2532 1007 2569 44.
1040 2522 1220 2566 VVESS.
