1718 2919
316 244 369 283 90
597 233 1358 276 ADNOTATIONES

317 335 458 379 sutum
485 336 667 373 Ionicum
688 337 796 374 enim
818 338 1006 387 idemque
1033 338 1190 375 docens:
1220 340 1276 376 sic
1303 341 1489 388 ἐπειρῶντο,
1522 353 1607 378 mea

316 391 480 440 quidem
497 391 687 440 opinione
706 400 815 429 extra
835 393 1059 430 novationis
1079 394 1322 442 periculum.
1352 395 1498 432 Confer
1514 397 1609 433 Gro-

315 448 456 482 novium
470 473 480 488 ,
500 447 616 484 cuius
628 448 847 484 observatio
866 460 1002 485 vereor
1013 475 1023 493 ‚
1045 455 1090 485 ut
1102 450 1318 486 sententiae
1335 451 1511 486 tenebras
1527 451 1606 488 dis-

314 501 429 550 sipet.
449 503 625 541 WESS.
647 523 698 529 ———
728 503 832 540 Vide
850 503 998 540 Adnot.
1016 503 1196 552 proxime
1213 511 1455 553 sequentem.
1482 503 1527 544 S.

376 558 412 593 5.
432 554 619 608 ἐπειρῶντο)
638 560 818 595 Θνοηονίο
837 558 926 594 iure
943 559 1086 595 merito
1102 559 1256 607 placuit
1274 561 1424 608 πειρᾷν
1443 572 1489 596 ex
1508 561 1605 597 Med.

315 612 458 649 codice.
494 614 573 648 Hoc
605 615 751 649 Vallum
771 613 906 662 legisse
933 619 1128 650 monstrat
1150 614 1276 662 ipsius
1296 614 1443 659 versio,
1470 614 1607 664 qualis

315 674 441 703 exstat
460 668 638 703 nondum
662 668 902 716 interpolata
917 696 926 714 7
945 671 1034 718 qui·
1049 690 1095 697 --
1112 676 1260 706 conatos
1280 683 1367 706 esse.
1391 672 1529 718 Neque
1549 676 1607 706 ta·

315 734 408 758 men
430 722 536 758 illud
560 735 669 759 more
689 736 760 759 suo
789 724 854 760 vir
873 725 970 760 clar.
998 725 1041 760 in
1066 731 1295 760 contextum
1326 724 1494 769 intulit,
1519 737 1606 762 sen-

318 777 440 822 tiens,
467 785 511 813 ut
530 778 690 825 opinor.
713 779 892 815 fulcrum
915 780 1093 828 requiri,
1113 792 1193 827 quo
1212 779 1319 815 illud
1338 779 1602 816 inniteretur:

317 832 389 868 hcc
413 833 667 869 commodum
686 834 788 869 mihi
808 834 997 882 reperisse
1014 834 1198 879 videbar,
1217 834 1317 870 hanc
1335 846 1355 870 e
1375 834 1530 871 duabus
1549 834 1606 871 ef·-

317 887 526 924 sormando
548 889 781 933 lectionem,
803 890 897 926 ἐπεὶ
922 890 1102 938 πειρςῖν,
1137 903 1239 939 quum
1263 896 1458 926 tentarent.
1494 889 1604 926 Illud

315 943 581 980 Herodoteum
598 956 696 989 esse,
714 945 817 980 Porti
829 944 985 980 docebit
1001 945 1177 980 Diction.
1193 943 1234 980 in
1252 957 1343 982 voce
1355 944 1604 992 Ἀπαρέμφατοι

318 996 391 1035 οῖντὶ
410 999 472 1034 τῶν
492 999 745 1046 mmmm-,cam
784 999 855 1036 Sed
874 1026 883 1043 ,
901 1012 1003 1048 quae
1022 999 1282 1047 praecedunt,
1308 1011 1437 1047 neque
1457 999 1530 1035 illa
1551 999 1605 1035 sic

315 1053 508 1090 videntur
531 1055 581 1089 ab
610 1054 783 1090 auctoris
815 1067 938 1090 manu
972 1055 1168 1102 profecta:
1207 1067 1281 1091 cur
1305 1055 1414 1090 enim
1445 1053 1608 1091 dixisset

316 1108 456 1144 missos
483 1109 546 1145 τῶν
577 1108 689 1146 α’στῶν
718 1108 872 1155 roth-⁵:15,
904 1108 932 1147 οἳ
960 1109 1240 1153 οἷπσπεμῷθέντες.
1280 1111 1422 1146 Parum
1451 1109 1607 1158 prodest

316 1159 479 1213 [τουτέων
492 1190 501 1205 ,
525 1176 628 1212 quae
652 1161 734 1215 est]
762 1165 878 1201 lectio
898 1165 1013 1203 Arch.
1060 1166 1171 1201 Valla
1188 1164 1297 1201 dedit
1326 1167 1502 1201 triremem
1521 1185 1539 1192 -
1556 1184 1573 1192 -
1589 1184 1608 1193 -

315 1231 393 1255 cum
418 1219 547 1255 civibus
576 1220 805 1268 quibusdam:
837 1227 1082 1268 postremum
1108 1219 1182 1256 ille
1209 1220 1339 1256 forsan
1366 1219 1609 1256 subaudien-

316 1273 415 1309 dum
442 1273 625 1310 credidit.
663 1274 846 1323 Optime,
877 1274 920 1311 ni
944 1275 1085 1319 fallor,
1117 1275 1250 1311 omnia
1270 1275 1547 1319 cohaererent,
1573 1273 1606 1310 si

317 1328 373 1364 sic
398 1341 435 1364 S(
440 1329 545 1377 ripta
570 1330 798 1378 legerentur
826 1330 868 1365 in
894 1330 1018 1366 veteri
1043 1330 1198 1365 codice·
1230 1329 1464 1368 α’ποςτκληναι
1491 1327 1608 1377 τριήρει

316 1384 384 1431 μνιῖ
402 1384 467 1420 τῶν
488 1383 622 1433 aea-512,
651 1380 827 1433 (nempe
847 1384 939 1427 τινάς
945 1381 986 1434 “)
1011 1401 1161 1427 τουτους,
1192 1386 1281 1422 ἔπει
1314 1386 1444 1426 πεμφθέ
1446 1399 1494 1421 ντε
1497 1400 1510 1427 ς
1529 1381 1603 1421 οινηι

317 1440 379 1475 nsi
405 1455 509 1475 κωνσυ
537 1441 594 1475 καὶ
622 1438 774 1482 :immae
765 1456 806 1477 -ιν
811 1457 819 1476 ι
846 1456 873 1482 ες
904 1439 1062 1482 Alyavxv,
1092 1456 1136 1476 ‘rx
1166 1438 1363 1481 οἶγαὶματα
1387 1455 1500 1476 ταυτα
1521 1462 1536 1470 -
1558 1462 1574 1469 -
1591 1461 1606 1469 -

318 1508 370 1529 πε
383 1494 453 1540 aeq?
463 1510 476 1530 ν
495 1494 530 1530 ἐκ
547 1494 610 1531 τᾶν
623 1495 749 1544 βρίθων
769 1494 976 1542 ἐξκνασπᾳν.
1007 1497 1038 1530 L
1044 1501 1058 1530 t
1076 1494 1140 1529 hic
1156 1494 1393 1531 ἀποσταλῆναι
1411 1510 1474 1531 των
1491 1491 1605 1530 οἷο-τῶν

319 1558 463 1595 nempe
481 1546 593 1590 τινοές,
620 1549 675 1585 sic
695 1549 795 1585 alibi
816 1549 972 1597 saepius
987 1576 996 1594 e
1015 1555 1053 1585 et
1070 1549 1177 1596 apud
1199 1550 1365 1599 Thucyd.
1382 1551 1451 1585 IV.
1467 1561 1500 1584 c.
1519 1549 1584 1584 80.
1599 1574 1609 1591 ‚

318 1603 383 1639 τῶν
404 1600 555 1639 Εἱλώτων
575 1623 593 1630 -
612 1624 628 1631 ·
647 1625 664 1631 -
692 1605 884 1647 ἐκπέμψαι.
916 1605 1132 1641 VALCK.
1161 1625 1211 1630 —
1250 1606 1365 1640 Istam
1385 1603 1478 1639 Viri
1501 1602 1606 1639 docti

317 1656 589 1693 coniecturam
620 1671 882 1707 praepropere
910 1659 953 1694 in
976 1665 1203 1695 contextum
1234 1658 1383 1706 recepit
1403 1658 1518 1696 Borh.
1554 1658 1610 1695 At

319 1718 408 1760 post
436 1710 587 1756 τούτους,
621 1715 714 1751 ἐπεὶ
741 1736 759 1742 -
776 1735 793 1742 -
811 1735 827 1741 -
849 1715 1029 1763 πειρςῖν,
1063 1714 1346 1762 requirebatur
1379 1713 1494 1749 aliud
1522 1724 1609 1749 ver-

318 1768 418 1803 bum
451 1766 500 1802 ad
533 1765 663 1811 τούτους
700 1770 872 1805 relatum
886 1795 896 1813 ‚
933 1769 1039 1817 quod
1072 1768 1227 1805 nullibi
1259 1775 1478 1816 comparet;
1512 1780 1606 1804 nam

320 1821 486 1869 οἱπεσ-πᾷν
512 1822 701 1870 quidem,
729 1824 835 1873 quod
867 1824 1074 1872 sequitur,
1100 1836 1122 1859 a
1151 1826 1263 1871 πειρρῖν
1294 1823 1450 1871 pendet.
1492 1822 1607 1869 Quod

318 1877 454 1915 τουτέων
476 1877 709 1924 praeferunt
724 1879 872 1915 codices
890 1878 1108 1924 nonnulli,
1136 1878 1178 1913 id
1206 1877 1466 1927 incogitantia
1484 1877 1609 1914 libra-

318 1931 478 1968 riorum
497 1931 661 1978 accidit,
679 1946 813 1970 casum
833 1933 956 1970 huius
980 1933 1231 1982 pronominis
1246 1933 1354 1970 casui
1377 1931 1610 1981 praeceden-

321 1985 372 2022 tis
388 1985 564 2022 nominis
583 1988 646 2024 τῶν
661 1987 773 2026 οἷσι-ὦν
791 1988 1035 2037 aptantium.
1060 1988 1123 2026 Ad
1141 1989 1212 2025 hoc
1227 1989 1291 2026 τῶν
1310 1987 1443 2031 οἰστῶν,
1458 1987 1492 2024 si
1508 2000 1610 2036 opus

319 2047 440 2085 esset,
462 2040 641 2090 intelligi
660 2059 750 2086 τινας
770 2049 911 2092 posset:
932 2050 1053 2092 atque
1072 2043 1127 2080 ita
1148 2043 1439 2079 intellexerunt
1458 2041 1522 2087 hi,
1536 2041 1611 2089 qui

320 2094 387 2145 (ut
407 2102 539 2132 noster
556 2097 638 2133 cod.
656 2096 715 2133 F
705 2105 822 2146 post
839 2099 903 2135 τῶν
923 2098 1036 2136 εἱσι-ὤν
1053 2111 1205 2135 comma
1231 2102 1472 2147 posuerunt;
1493 2096 1609 2146 quasi

320 2149 453 2194 τούτους
474 2150 523 2187 ad
548 2152 754 2200 sequentia
780 2153 1010 2201 pertineret.
1038 2156 1088 2190 Et
1113 2153 1231 2189 haec
1221 2166 1303 2201 ipsa
1323 2152 1488 2201 quidem
1508 2151 1610 2188 ratio

322 2207 598 2254 percommoda
620 2208 735 2251 foret,
764 2209 796 2244 si
828 2208 883 2244 sic
902 2209 1119 2258 legeretur,
1144 2206 1275 2249 πότους
1298 2207 1609 2250 ‹irruunt-0051!-

322 2277 404 2303 τοις
425 2282 441 2288 -
463 2282 478 2288 -
498 2282 514 2289 -
546 2263 602 2298 xxi
632 2261 932 2306 οἱπικομένους
951 2285 967 2290 -
985 2284 1002 2291 -
1022 2284 1038 2291 -
1056 2283 1074 2291 -
1105 2263 1345 2308 πειρᾶσθαι
1375 2268 1441 2298 etc.
1487 2262 1611 2310 Πειροῖ·

323 2317 398 2352 σθαι
414 2316 522 2352 dico:
551 2329 644 2352 nam
669 2319 807 2365 πειςᾷν,
841 2317 969 2356 activa
989 2318 1138 2361 forma,
1174 2329 1254 2354 non
1285 2316 1454 2353 memini
1475 2327 1519 2352 ea
1541 2328 1609 2352 no-

323 2369 454 2416 tione,
473 2383 575 2420 quae
591 2371 714 2408 huius
738 2372 814 2409 loci
833 2379 889 2409 est
903 2399 912 2416 ‚
931 2372 1037 2421 apud
1058 2375 1248 2410 Nostrum
1266 2378 1338 2407 aut
1353 2371 1460 2419 apud
1477 2370 1608 2407 alium

324 2427 538 2473 probatum
559 2427 685 2476 legere
703 2434 919 2464 auctorem.
962 2431 1017 2465 At
1039 2434 1175 2463 tenent
1192 2438 1327 2463 omnes
1354 2426 1452 2463 libri
1483 2425 1612 2461 nomi-

324 2482 479 2520 nativos
507 2494 618 2518 casus
646 2482 1023 2527 ἀποπεμφθέντες
1053 2488 1094 2518 et
1120 2479 1425 2525 οἰπικᾶμενοιῑ
1458 2491 1613 2517 omnes·
