1718 2919
390 259 487 299 AD
534 257 1160 312 HERonosr.v.4-8.
1413 271 1438 312 ⁷

147 367 255 404 dorus
272 364 457 402 Onirocr.
475 367 504 402 Ι.
521 379 557 415 9.
574 364 738 410 στίζονται
753 361 848 411 παραὶ
870 361 994 411 Θραξὶν
1018 362 1045 401 οἷ
1059 361 1193 406 εὐγενεῖς
1211 359 1326 407 παῖδες
1338 388 1348 408 ,
1370 364 1437 401 be·

149 434 200 458 ne
228 420 415 469 quidem,
449 430 697 469 quamquam
724 429 804 453 non
829 416 919 455 soli.
955 417 1153 453 Thracum
1181 415 1245 460 τοὶς
1274 421 1436 462 γυναῖκας

147 474 211 518 τοὶς
231 475 388 523 ἐλευθέρας
415 472 672 518 στιγμάτων
698 470 850 516 Meo-⁷025,
881 472 939 509 καὶ
964 470 1108 521 τοσούτῳ
1135 474 1272 509 πλείονα
1295 470 1437 518 ἐχούσας

151 531 386 573 στίγματα
414 531 472 567 καὶ
501 526 737 576 ποικιλώτερα,
771 524 837 575 ἴσῳ
868 524 909 564 οἳν
938 527 1087 570 βελτίους
1115 528 1174 564 καὶ
1196 527 1233 564 ἐκ
1260 525 1435 567 βελτιόνων

146 581 298 628 δοκοῖσι,
322 595 370 620 ex
387 583 475 620 visu
496 585 567 621 Dio
591 583 784 633 Chrysost.
805 580 993 629 proponit
1012 582 1083 618 Or.
1103 583 1211 619 XIV.
1234 594 1272 629 p.
1294 581 1436 620 235.n.

146 640 335 676 Caussam
349 649 441 676 vero
461 643 500 675 et
519 637 715 687 originem
735 649 875 673 eorum
904 635 1160 685 stigmatum,
1185 635 1250 672 scd
1279 635 1438 672 sabulo-

146 706 248 738 sam,
267 694 466 731 Phanocles
488 693 530 728 in
550 693 649 730 Stob.
666 693 792 730 Serm.
811 692 926 728 LXII.
946 703 985 738 p.
1005 699 1096 736 400.
1134 693 1291 728 Verum
1311 689 1360 726 de
1374 690 1436 727 his

143 748 458 796 locupletissime
478 749 531 785 Io.
552 748 715 785 Rhodius
728 746 771 782 in
789 746 964 783 Scribonii
982 747 1099 795 Largi
1115 745 1318 793 Conposit.
1333 745 1436 783 Med.

145 802 238 839 231.
261 816 298 851 p.
321 803 410 839 310.
441 803 555 850 Quod
577 802 639 839 his
657 802 856 845 cohaeret,
881 797 974 851 [lin.
998 796 1062 850 8.]
1090 798 1192 849 οέργδν
1213 797 1312 845 εἶναι,
1346 798 1435 837 κοίλ-

143 866 276 899 λιστον,
316 857 361 893 in
386 858 608 906 priscorum
642 857 764 893 etiam
794 858 1087 893 Germanorum
1116 853 1296 891 moribus
1324 853 1433 903 apud

144 913 312 959 Tacitum
334 913 382 948 de
401 915 499 950 Mor.
521 915 652 950 Germ.
674 924 708 949 c.
733 919 793 955 14.
820 911 1000 949 WESS.

201 968 237 1003 8.
268 966 411 1015 οἰργᾶν
436 966 533 1010 εἶναι,
558 963 772 1016 κάλλιστον)
804 965 974 1014 Quando
992 965 1056 1008 γῆς
1080 962 1217 1012 ἔργοέτκν
1240 963 1430 1012 opponit,

142 1020 321 1069 ipsisque
340 1020 380 1059 ‘ro'
411 1022 468 1070 ς’·ξν
488 1021 560 1059 dm*
579 1022 726 1063 πολέμου
745 1020 887 1057 itidem
915 1018 1098 1057 κάλλιστον
1125 1018 1310 1055 habitum
1338 1019 1435 1055 scri-

139 1074 226 1120 bit,
262 1076 435 1124 primam
469 1077 676 1113 Herodotus
707 1074 811 1112 vocis
840 1074 1053 1122 respiciens
1081 1073 1336 1123 significandi
1366 1073 1435 1110 do·

142 1133 244 1175 tem,
273 1144 352 1179 qua
373 1136 484 1167 notat
504 1129 606 1179 οέργός
628 1131 673 1166 ab
697 1144 804 1180 opere
833 1131 966 1166 rustico
1000 1136 1208 1174 vacantem,
1247 1129 1433 1166 honestius

138 1183 340 1235 intelligit
356 1188 487 1231 otium,
518 1184 706 1233 quodque
729 1185 909 1221 homines
934 1184 1141 1220 bellicosos
1168 1196 1248 1219 non
1276 1183 1433 1220 dedece-

140 1244 215 1277 ret.
247 1238 349 1288 οἶργδν
370 1238 468 1283 εἶναι,
498 1246 535 1276 et
561 1239 765 1282 πολεμικδν,
804 1239 848 1275 in
869 1239 1019 1276 talibus
1044 1238 1281 1276 tantundem
1309 1249 1432 1286 paene

139 1295 289 1332 valent.
313 1295 450 1331 Talem
472 1294 590 1343 α’ργίαν
613 1292 756 1338 diost-ahs
783 1296 839 1338 τῆς
866 1295 1036 1343 ἐλευθερίας
1063 1294 1220 1330 dixerat
1243 1296 1432 1338 Socrates,

137 1347 174 1385 si
195 1348 294 1385 dicti
316 1349 543 1398 legitimum
561 1348 675 1385 nobis
696 1354 848 1397 patrem
865 1348 1032 1385 tradidit
1052 1351 1198 1386 Aelian.
1212 1352 1309 1386 Var.
1330 1349 1431 1385 Hist.

137 1405 189 1441 X.
215 1411 274 1448 14,
301 1404 516 1440 Ostendere
542 1403 674 1441 voluit
694 1405 874 1441 Maximus
895 1406 987 1454 Tyr.
1006 1403 1107 1440 Diss.
1136 1405 1278 1440 XXIX.
1302 1400 1353 1442 ἔτι
1373 1414 1433 1441 λυ-

140 1458 350 1507 σιτελέστεροι
371 1459 418 1506 τῇ
437 1457 534 1496 πόλει
561 1460 589 1496 οἱ
609 1460 888 1506 προπολεμοῦντες
907 1458 929 1500 νῖ
950 1459 978 1496 οἱ
1002 1459 1227 1507 γεωργοῦντες.
1254 1458 1319 1494 Ad
1342 1469 1429 1506 per-

139 1511 360 1549 ficiendum
391 1512 565 1549 civitatis
595 1525 738 1560 corpus
768 1514 913 1561 optimi
943 1519 1110 1549 rectores
1131 1519 1352 1562 utrumque
1369 1524 1433 1562 ge-

138 1577 217 1602 nus
234 1578 359 1616 aeque
379 1573 620 1604 censuerunt
647 1568 924 1605 neeessarIum.
951 1569 1201 1617 Hippodamus
1225 1567 1307 1605 sive
1324 1568 1432 1604 Thu-

138 1620 226 1657 rius
253 1633 319 1657 seu
355 1621 535 1659 Milesius
562 1623 606 1658 in
642 1622 749 1658 libro
775 1622 824 1658 de
850 1624 947 1671 Rep.
979 1629 1056 1658 tres
1094 1622 1268 1660 civitatis
1300 1627 1430 1670 partes

137 1675 351 1712 constituit
367 1689 431 1724 ap.
449 1677 636 1714 stobaeum
655 1690 693 1724 p.
717 1679 828 1722 248„
853 1676 893 1715 τδ
916 1675 1148 1719 Βουλευτικδν,
1182 1676 1289 1725 quod
1317 1677 1430 1714 velut

137 1731 310 1778 optimum
333 1730 492 1768 deberet
511 1729 642 1780 ἅρχεινε
670 1729 710 1769 ro*
736 1729 924 1775 βοέναω-ον,
954 1732 1061 1781 quod
1092 1737 1138 1767 ut
1162 1731 1339 1768 deterius
1363 1731 1430 1766 de-

137 1785 250 1821 beret
269 1783 452 1833 οἴρχεσθαιε
481 1784 521 1823 ro*
546 1787 728 1833 ἐπίκουρον,
755 1786 869 1822 velut
888 1786 1004 1829 μέσοντ
1036 1787 1139 1822 hanc
1159 1792 1313 1834 partem
1336 1798 1428 1822 con-

135 1838 286 1876 ficiunt
302 1840 533 1883 bellatores3
555 1839 766 1877 secundam
779 1867 789 1886 ‚
815 1840 1027 1889 agricolae,
1046 1840 1219 1877 artifices
1234 1868 1244 1887 ,
1271 1846 1309 1877 et
1327 1853 1430 1877 mer-

134 1899 296 1931 catores.
328 1895 499 1932 Artibus
525 1894 766 1931 abstinentes
794 1894 1017 1932 sellulariis
1040 1907 1215 1944 agroque
1241 1896 1428 1941 colendo,

134 1954 257 1998 atque
274 1948 370 1985 adeo
389 1949 501 1998 οέργοὶ,
532 1949 641 1998 apud
664 1951 875 1998 plerasque
890 1956 1021 1999 gentes
1039 1950 1281 1986 amantiores
1304 1950 1429 1987 liber-

137 2003 229 2040 tatis
263 2004 514 2040 habebantur
540 2004 830 2042 honoratiores:
863 2004 954 2041 vide
976 2006 1115 2042 Herod.
1143 2007 1189 2042 II.
1217 2017 1303 2052 cap.
1339 2006 1427 2052 167.

137 2057 253 2107 Quod
268 2070 361 2096 vero
380 2061 522 2096 Socrati
540 2059 688 2096 tribuit
705 2061 899 2105 Aelianus,
924 2059 1142 2096 dixerit-ne
1168 2059 1428 2097 suavissimus

133 2112 407 2162 agriculturae
440 2113 625 2150 laudator
656 2113 873 2150 addubito:
914 2120 1017 2151 certe
1046 2114 1151 2151 dixit
1177 2114 1221 2150 in
1253 2115 1425 2164 Xenoph.

135 2167 349 2205 Oeconom.
370 2181 407 2216 p.
429 2171 503 2213 482
520 2194 529 2213 ‚
562 2170 644 2213 25„
675 2169 817 2217 Regem
839 2170 1044 2207 Persarum
1058 2195 1068 2214 ‚
1097 2169 1125 2206 ἐν
1146 2172 1212 2213 τοῖς
1230 2171 1424 2213 καλλίστοις

136 2237 172 2258 τε
190 2224 249 2259 καὶ
276 2221 556 2266 οἷναγκαιοτοέτοις
573 2222 748 2266 ἧγούμενον
775 2222 852 2261 εἶναι
874 2221 1102 2266 εἰπιμελῆματι
1126 2226 1285 2271 γεωργίαν
1308 2239 1344 2261 τε
1364 2224 1423 2261 καὶ

136 2273 198 2315 τιίν
230 2276 411 2319 πολεμικήν
443 2278 581 2322 τέχνην,
621 2275 742 2315 τούτων
778 2276 971 2328 α’μΦοτέρων
1003 2279 1145 2326 ἰσχυρῶς
1184 2278 1421 2320 ἐπιμελεῖσθαι.

133 2329 193 2367 De
223 2330 443 2368 sellulariis
469 2331 643 2380 opificiis
668 2331 805 2368 minus
840 2333 915 2369 ille
948 2333 1155 2369 iudicabat
1191 2332 1424 2370 honorifice.

131 2383 286 2423 VALC
298 2388 347 2422 K.

247 2437 392 2478 CAP.
426 2438 569 2479 VIII.
596 2449 635 2486 4.
663 2437 835 2478 θάπτουσι
863 2437 1170 2491 κατακαύσαντες)
1199 2443 1291 2491 Igne
1318 2453 1425 2489 sepe·

134 2491 270 2539 liunt,
298 2493 472 2533 θάπτουσι
498 2497 595 2544 πυρί,
632 2500 678 2531 ut
704 2494 749 2530 in
769 2495 924 2533 Aeliano
953 2494 1001 2531 de
1016 2498 1108 2534 Nat.
1125 2495 1268 2533 Anim.
1287 2498 1337 2534 X.
1359 2508 1423 2531 22.
