1718 2919
300 166 378 208 31‘2
508 166 1341 210 -ADNOTATIONES

299 272 407 310 Istud
436 270 504 308 illi
536 273 737 315 viderint;
769 285 855 309 eam
879 273 989 309 enim
1022 274 1065 310 in
1093 286 1269 311 caussam
1294 287 1404 312 nunc
1431 288 1509 312 non
1539 276 1606 314 de·

300 327 460 364 scendo:
498 333 541 364 tu
564 327 640 371 τούς
659 344 693 366 τε
712 344 739 369 μ
753 345 858 366 oco-ro
872 327 916 371 ὐς
941 329 1010 364 ubi
1028 329 1226 374 volueris,
1257 330 1385 367 aderit
1404 342 1426 366 e
1443 331 1604 379 scriptis

300 383 487 427 facultas,
521 383 638 419 modo
675 395 724 419 ne
753 383 949 431 adscripta
980 383 1054 422 lib.
1083 386 1154 422 IV.
1185 397 1274 422 202.
1304 384 1413 422 flocci
1451 386 1602 425 seceris.

300 438 479 477 VVESS·
978 469 982 471 ,

411 490 557 533 CAP.
581 491 766 532 CXIII.
791 495 810 529 8
832 509 905 544 seq.¹
930 493 971 537 ὦς
993 494 1063 535 ἐμοὶ
1089 491 1285 544 δοκέειν)
1312 495 1521 532 Formulae
1537 507 1603 532 ve-

300 554 424 586 terem
455 549 614 585 cultum
645 551 900 586 membranae
920 548 1104 587 reddunt.
1138 549 1282 586 Eadem
1304 550 1377 587 lib.
1398 552 1466 587 lv.
1493 551 1602 595 168„

298 603 474 653 aliisque
495 604 604 640 locis.
634 603 730 647 Ἐμοὶ
753 602 852 652 δοκεῖν
876 604 1089 653 Sophocles,
1112 605 1363 656 Thucydides,
1397 606 1603 642 Philostra-

300 666 356 697 tus
376 665 448 696 etc.
477 658 557 696 Adi
578 659 814 697 Abreschium
833 659 1013 696 Dilucid.
1032 660 1236 711 Thucydid.
1260 674 1297 708 p.
1326 661 1362 698 5.
1384 661 1562 698 WESS.

361 722 422 759 14·
450 713 508 754 viv
541 716 754 762 στρατιὴν
785 714 843 756 ‘triv
871 711 1020 765 ἐκείνου)
1047 714 1237 763 Suspicor
1263 727 1395 751 vocem
1421 714 1596 760 στρατιῆν,

297 767 346 806 e'x
367 769 562 818 proximis
582 770 855 806 inhaerentem
877 770 1092 806 memoriae
1108 769 1337 815 scribentis,
1357 770 1526 807 alterius
1541 771 1602 807 vi-

298 836 343 862 ce
364 825 469 861 male
491 826 612 861 fuisse
636 825 860 873 repetitam.
904 825 984 872 Qui
1009 824 1118 862 Susis
1145 825 1300 862 abierat
1318 838 1410 861 cum
1439 825 1599 870 liberis,

296 882 358 918 καὶ
388 877 486 920 Sinos
517 882 582 918 τισὶ
611 883 669 918 καὶ
701 878 856 924 ἄλλοισι,
892 880 1048 928 quique
1078 880 1247 916 necdum
1283 886 1516 929 pervenerat
1549 880 1600 918 ad

299 946 411 971 suam
444 935 757 983 praefecturam,
789 935 821 971 is
842 935 979 971 minus
1002 935 1207 971 commode
1223 935 1303 972 dici
1338 941 1490 984 poterat
1516 935 1599 972 iam

300 1003 412 1027 nunc
427 1002 559 1027 secum
584 991 766 1027 habuisse
787 993 992 1027 exercitum.
1030 991 1160 1027 Multo
1189 990 1291 1027 mihi
1313 990 1519 1027 videretur
1537 1003 1601 1027 ac-

300 1046 612 1091 commodatius,
642 1046 674 1082 si
705 1059 726 1082 a
755 1049 884 1083 Xerxe
918 1045 1027 1082 missi
1056 1046 1099 1081 in
1128 1045 1193 1082 via
1217 1046 1450 1083 dicerentur
1475 1046 1598 1083 inter·

301 1101 437 1138 fecisse
457 1099 560 1139 αὐτόν
589 1117 623 1138 τε
648 1102 780 1143 ἐκεῖνον,
814 1103 872 1138 καὶ
893 1100 967 1144 τούς
993 1098 1118 1143 παῖδκς
1139 1100 1268 1143 αὐτοῦ,
1303 1103 1362 1139 καὶ
1389 1100 1448 1141 τὴν
1469 1101 1600 1149 θεραι

298 1154 429 1195 'naim
458 1154 514 1196 miv
533 1157 673 1201 ἐκείνου,
696 1155 728 1192 si
754 1156 826 1192 hoc
845 1155 1035 1192 alicunde
1056 1157 1360 1193 firmamentum
1387 1155 1599 1205 acciperet.

302 1212 520 1250 VALCK.

411 1264 557 1305 CAP.
582 1263 766 1304 CXIV.
785 1279 818 1303 2.
839 1267 908 1313 περὶ
929 1263 1117 1315 Λεκτόν)
1136 1265 1225 1302 Idae
1239 1266 1573 1314 ’promontorium
1589 1293 1599 1311 ‚

302 1327 439 1359 contra
460 1322 637 1357 insulam
666 1323 814 1358 Lesbon
831 1347 840 1365 ‚
864 1321 907 1356 in
935 1321 1104 1358 Scholiis
1129 1321 1178 1357 ad
1199 1323 1382 1358 Nicandri
1407 1322 1599 1369 Alexiph.

302 1391 357 1414 vs.
376 1385 442 1422 40.
462 1383 502 1413 et
521 1376 814 1425 elegantissima
839 1376 1082 1412 correctione
1111 1377 1314 1414 Casauboni
1333 1376 1440 1425 apud
1459 1377 1598 1414 Athen.

304 1434 378 1470 lib.
397 1434 500 1470 XIII.
522 1445 560 1480 p.
583 1432 675 1482 598.
694 1445 726 1468 c.
755 1432 876 1479 Saepe
895 1431 986 1467 illic
1014 1431 1268 1481 navigaturos
1296 1431 1449 1468 adversi
1472 1444 1600 1468 mora-

302 1490 454 1525 bantur
475 1487 599 1524 venti.
628 1489 797 1524 Eumenes
821 1501 884 1523 rex
902 1507 920 1515 -
938 1509 955 1515 -
973 1508 989 1515 -
1011 1489 1170 1524 adversis
1204 1488 1330 1524 deinde
1352 1489 1468 1524 ventis
1495 1500 1601 1536 quum

303 1546 442 1594 aliquot
470 1543 589 1579 diebus
614 1557 783 1592 superare
816 1545 989 1579 Lecton
1012 1544 1301 1591 promontorium
1329 1556 1404 1579 non
1425 1544 1603 1591 potuisset

304 1606 376 1636 etc.
396 1599 501 1647 apud
525 1600 664 1634 Livium
684 1597 757 1634 lib.
778 1600 979 1639 XXXVII.
1002 1599 1064 1644 57.
1094 1600 1138 1635 In
1161 1597 1378 1646 proximis,
1407 1597 1456 1634 de
1482 1597 1598 1634 abitu

305 1656 617 1703 Spartanorum,
649 1658 687 1689 et
720 1653 1032 1690 Atheniensium
1055 1652 1256 1701 pertinace
1274 1652 1322 1688 ad
1344 1654 1473 1690 Persas
1499 1652 1603 1688 inse-

304 1710 483 1759 quendos
516 1708 828 1757 perseverantia,
861 1709 969 1744 nihil
1003 1709 1084 1744 fere
1116 1709 1342 1760 Thucydides
1371 1708 1445 1745 lib.
1478 1708 1507 1744 Ι.
1537 1709 1602 1758 89.

303 1765 514 1802 discordat.
531 1764 710 1801 WESS.
729 1785 779 1790 —
809 1765 939 1801 Lectus
961 1763 1283 1812 promontorium
1303 1775 1416 1811 saepe
1431 1763 1603 1800 Straboni

305 1826 594 1857 memoratum:
623 1825 660 1855 et
679 1819 737 1854 ibi
757 1818 922 1867 quidem
949 1819 1164 1867 aliquoties
1187 1825 1301 1855 acute
1318 1818 1514 1855 scribitur
1541 1825 1604 1856 Λε-

306 1874 404 1918 κτδς,
425 1874 765 1924 quemadmodum
786 1873 911 1912 Λεκτδν
933 1881 1048 1911 acute
1073 1874 1259 1924 pingitur
1287 1873 1329 1909 in
1353 1875 1532 1911 Herodoti
1552 1872 1603 1907 li-

305 1931 390 1967 bris
417 1930 576 1978 scriptis
602 1929 822 1978 editisque:
855 1930 1002 1966 rectius
1030 1941 1144 1974 vero,
1176 1942 1258 1977 quo
1289 1929 1501 1977 proprium
1531 1940 1601 1964 no-

306 1998 397 2024 men
430 1988 481 2022 ab
507 1984 703 2022 adiectivo
733 1985 888 2021 verbali
921 1983 1038 2027 λεκτδς
1069 1984 1366 2034 distinguatur,
1407 1989 1602 2032 penacute

304 2041 503 2078 scribitur
529 2040 637 2088 apud
657 2040 843 2076 eumdem
863 2040 1076 2078 Strabonem
1105 2040 1178 2076 lib.
1207 2041 1307 2076 XIII.
1340 2051 1424 2088 pag.
1453 2040 1544 2084 604.
1563 2051 1602 2076 a.

308 2098 399 2134 606.
421 2110 453 2133 c.
480 2102 553 2131 etc.
579 2095 639 2131 ed.
661 2097 829 2132 Casaub.
857 2103 896 2133 et
919 2096 974 2133 sic
999 2096 1119 2132 etiam
1140 2094 1247 2143 apud
1271 2095 1496 2131 Athenaeum
1518 2095 1548 2130 l.
1566 2106 1601 2130 c.

305 2152 478 2189 correxit
499 2150 751 2195 casaubonus,
780 2152 838 2196 βίον
866 2149 958 2189 εἴσιδε
988 2153 1132 2193 Λέκτον,
1164 2150 1234 2186 ubi
1259 2150 1442 2186 mendose
1468 2150 1600 2198 λέκτρον

304 2207 420 2245 olim.
449 2204 494 2244 S.

369 2277 429 2299 10.
460 2263 494 2300 ἐκ
514 2258 728 2304 τῖςἈΒύδου
752 2259 1023 2311 διαβάντες)
1061 2259 1390 2303 Διαβαλᾶντες,
1421 2259 1526 2308 quod
1552 2270 1602 2296 ex

306 2319 424 2355 Arch.
455 2323 651 2352 memorat
689 2318 819 2354 Galeas
838 2347 846 2362 ‚
882 2320 1090 2366 probarem
1122 2323 1168 2352 ut
1198 2316 1414 2364 aliquoties
1443 2313 1606 2351 adhibi-

308 2381 396 2409 tum
424 2373 615 2409 Herodoto
648 2374 716 2408 VI.
739 2381 805 2416 44.
838 2376 889 2409 V.
913 2375 976 2411 33.
1005 2380 1043 2410 et
1066 2373 1128 2416 3'4'·
1168 2371 1423 2409 Ineumdem
1441 2379 1602 2406 sensum

306 2426 499 2467 δικβᾶλλειν
525 2427 662 2475 posuit
681 2428 886 2479 Thucydid.
906 2431 952 2466 ΙΙ.
975 2430 1038 2466 83.
1066 2428 1136 2465 VI.
1155 2439 1237 2476 cap.
1263 2427 1328 2463 30.
1357 2426 1540 2464 Aristides
1560 2425 1604 2460 Τ.
