1718 2919
294 198 456 237 218>
577 195 1325 238 ADNOTATIONES

294 299 697 348 Peloponnesiacum,
726 306 847 349 atque
876 300 971 337 adeo
999 301 1250 351 septuaginta
1284 300 1445 338 circiter
1472 303 1592 340 aunis

295 360 400 403 post,
431 368 552 403 quam
586 356 680 391 haec
706 362 926 393 evenerunt
957 357 1151 393 Herodoto
1180 363 1364 400 narrata,
1392 356 1588 394 inmotam

293 417 387 446 ante
406 411 554 446 Delum
582 410 724 447 scribit
749 411 880 459 prima
903 411 987 448 vice
1007 413 1190 460 nnmerum,
1220 412 1295 448 lib.
1314 413 1359 449 II.
1386 425 1420 448 c.
1443 413 1478 448 8.
1519 411 1591 448 Hi-

293 465 430 502 storici
467 466 682 514 utriusque
718 467 800 502 loca
833 473 1119 515 compararunt
1151 467 1231 503 viri
1265 466 1480 504 clarissimi
1514 467 1589 505 Ios.

298 523 455 565 W'am,
474 523 536 557 Ez
553 522 743 569 Spanhem.
771 518 841 571 [ad
860 522 1004 559 Callim.
1027 524 1075 558 H.
1094 521 1135 557 in
1157 523 1245 558 Del.
1264 536 1320 559 v.s
1340 522 1424 568 11.]
1453 527 1492 558 et
1510 522 1585 560 Iac.

296 577 456 613 Gronov.
487 581 526 613 et
545 578 723 613 Herodoti
743 576 933 612 meminit
950 578 1072 613 Schol.
1092 578 1257 630 ΤΙιιισγᾱ.
1296 579 1386 625 Quo
1413 582 1589 625 tempore

296 636 442 668 terram
462 631 628 667 movisse
644 631 863 667 secundum
882 632 1086 683 Thucydid.
1105 639 1313 669 senserunt
1332 630 1465 677 Delii,
1486 631 1591 669 vixit

295 687 459 735 quidem
487 688 718 731 Herodotus,
741 687 804 723 sed
834 687 926 723 haec
952 687 1032 723 iam
1062 687 1162 723 olim
1192 688 1340 736 scripto
1361 686 1596 735 consignata*

293 741 449 777 dudum
482 750 575 778 ante
600 741 762 778 videtur
797 741 839 777 in
866 743 1012 791 vulgus
1038 743 1234 786 emisisse;
1273 750 1316 779 ut
1339 742 1435 778 adeo
1465 743 1590 779 Delus

294 796 370 844 ipsi
396 797 474 832 dici
499 797 696 845 potuerit,
718 797 751 833 si
776 809 866 833 vera
895 799 1112 834 narrabant
1136 799 1270 842 Delii,
1297 803 1382 834 tum
1399 797 1591 846 temporis

294 852 413 898 πρῶτος
443 854 500 888 καὶ
538 850 671 889 ὅστκτα
700 853 800 900 μέχρι
829 853 910 894 ἐμεῦ
937 854 1119 890 πεισθεῖσαι
1150 854 1206 890 sic
1234 852 1332 903 legit
1359 852 1482 889 etiam
1514 852 1590 889 ista

298 908 422 943 Valla.
453 908 666 944 VALCK.

355 963 389 998 8.
433 964 490 998 κκὶ
523 958 824 1012 Ἀρτοξέρξεω)
866 963 983 999 Arch.
1009 961 1225 1010 Ἀρταξέςξεω
1257 962 1538 999 auctoritatem
1566 975 1590 1000 a

297 1017 528 1069 Thucydide,
558 1019 741 1061 Diodoro,
769 1019 935 1055 Cornelio
955 1019 1114 1066 Nepote,
1140 1018 1324 1067 Stephano
1342 1019 1432 1066 Byz.
1455 1018 1498 1054 in
1518 1016 1592 1066 'Ap-

295 1075 378 1108 ruTx
397 1072 572 1121 aliisque
590 1073 737 1109 aufert.
772 1073 891 1110 Enim
921 1085 1012 1109 vero
1031 1074 1239 1110 Herodotus
1258 1073 1469 1123 vulgatum
1501 1085 1593 1122 pro-

293 1127 405 1164 bavit
429 1127 501 1164 lib.
524 1129 718 1166 V11.106.
733 1133 772 1163 et
793 1128 880 1166 151.
903 1134 942 1164 et
960 1141 1040 1164 una
1057 1141 1148 1164 cum
1166 1140 1210 1165 eo
1229 1130 1367 1166 Ctesias
1387 1134 1425 1164 et
1444 1129 1594 1165 Plutar-

294 1183 394 1219 chus.
436 1183 540 1219 Sunt
568 1183 611 1218 in
638 1182 800 1219 Persicis
818 1183 1055 1219 nominibus
1083 1183 1287 1231 plurima,
1313 1196 1490 1232 quorum
1512 1182 1592 1219 ini-

295 1237 399 1273 tium
441 1245 586 1281 APTA,
630 1244 725 1274 sunt
758 1250 920 1287 quoque
951 1238 1227 1283 Artohazanes,
1264 1239 1483 1276 Artochines
1516 1244 1592 1275 etc.

293 1293 427 1331 WYES
441 1294 480 1330 S.
510 1315 560 1320 -—-
591 1295 822 1329 Persuasum
841 1293 1027 1342 equidem
1048 1295 1189 1338 balteo,
1206 1294 1450 1342 scripturam
1473 1293 1588 1331 istam

293 1346 420 1395 'Apro}.
441 1361 518 1384 non
538 1350 587 1384 ab
602 1350 811 1394 Herodoto,
827 1349 890 1385 sed
911 1361 929 1384 a
951 1349 1184 1397 sequiorem
1203 1350 1492 1387 Graeculorum
1514 1349 1593 1386 im-

295 1404 423 1451 perita
455 1404 677 1441 temeritate
697 1416 775 1440 esse
802 1406 1023 1452 prosectum
1042 1422 1047 1437 ε
1079 1418 1178 1453 quos
1195 1405 1294 1453 quid
1315 1404 1525 1441 induxerit
1546 1411 1596 1441 ur

294 1457 338 1493 in
355 1458 478 1495 istum
496 1459 657 1495 modum
680 1459 882 1496 mutarint
902 1459 1080 1496 nominis
1104 1461 1270 1496 sormam
1284 1486 1293 1502 ,
1318 1460 1361 1495 in
1384 1461 1474 1496 Var.
1488 1462 1590 1497 Lect.

294 1513 343 1549 ad
360 1516 427 1551 VI.
445 1516 492 1560 45
507 1541 516 1559 ,
535 1516 569 1550 (j.
590 1514 780 1552 indicavi.
805 1513 850 1553 S.

358 1578 418 1614 ιζ..
446 1572 504 1607 καὶ
535 1570 563 1607 ἐν
593 1571 737 1618 χρησμῷ
763 1571 858 1620 etc.)
891 1572 1063 1607 Gronovii
1092 1568 1294 1606 iudicium
1323 1582 1402 1606 non
1431 1575 1590 1613 temno,

294 1624 463 1661 aliunde
486 1626 579 1660 haee
599 1625 799 1661 inculcata
820 1625 988 1674 opinati.
1018 1622 1142 1675 [Vide
1159 1627 1248 1661 Var.
1267 1622 1387 1676 Lect.]
1414 1628 1588 1662 Versum

298 1692 377 1715 non
404 1680 579 1729 neglexit
602 1681 772 1717 Eustath.
793 1681 887 1717 hine
912 1686 1117 1728 acceptum
1148 1693 1228 1716 non
1249 1680 1403 1716 docens.
1442 1682 1589 1724 Immo,

296 1734 329 1771 si
358 1736 464 1783 quod
491 1735 671 1783 suspicor
686 1762 695 1777 q
716 1737 850 1784 palam
870 1736 984 1772 edere
1003 1736 1097 1772 licet
1112 1761 1122 1780 ‚
1147 1747 1250 1783 quae
1269 1735 1507 1780 succedunt,
1537 1731 1590 1771 δυ-

297 1806 394 1827 vectat
416 1787 446 1828 δὲ
465 1790 558 1828 κατα)
580 1788 734 1828 Ἑλλοὶδκ
763 1793 922 1833 γλῶσσαν
946 1798 1012 1828 etc.
1038 1787 1121 1841 [lin.
1145 1803 1188 1836 17
1210 1787 1334 1841 seqq]
1363 1790 1444 1827 sive
1463 1789 1592 1838 expli-

296 1845 469 1881 cationes
486 1845 702 1882 titulorum
724 1846 924 1895 regiorum
938 1873 947 1889 ,
962 1845 1223 1884 Grammatici
1237 1845 1449 1893 quidpiam
1467 1845 1590 1889 olent,

298 1913 379 1936 non
402 1900 603 1938 Historici.
646 1903 852 1939 Herodotus
882 1913 974 1938 sane
1005 1914 1083 1937 non
1112 1900 1164 1937 ita
1183 1900 1345 1937 adsolet.
1383 1900 1456 1938 Sed
1477 1899 1589 1937 enim

296 1961 489 1991 maneant
513 1955 557 1991 in
592 1957 833 2004 posessione,
859 1969 979 2005 quam
1008 1955 1201 1993 Codicum
1231 1955 1474 2004 conspiratio
1502 1953 1591 1991 illis

298 2010 448 2047 asserit.
479 2012 522 2046 In
542 2011 695 2047 oraculi
714 2011 895 2048 versione
915 2011 1066 2051 οἶκίνκτσν
1084 2011 1282 2047 inmobilem
1303 2010 1453 2047 maluit
1472 2010 1591 2046 Henr.

297 2067 520 2115 Stephanus,
543 2065 781 2102 Schediasm.
808 2069 835 2103 I.
864 2080 943 2109 22.;
973 2069 1150 2116 Virgilius
1172 2071 1321 2110 tamen,
1347 2067 1593 2114 inmotamque

298 2123 369 2157 coli
386 2123 482 2157 dedit
500 2129 533 2157 et
551 2128 775 2158 contemnere
786 2129 909 2158 ventos
927 2121 974 2157 de
988 2122 1099 2157 Delo.
1122 2122 1296 2159 WESS.
1318 2141 1369 2148 -—
1396 2121 1533 2168 Quum
1551 2125 1592 2156 et

298 2177 557 2213 oraculorum
577 2189 759 2225 responsa
786 2176 1109 2225 frequentissime
1127 2176 1324 2224 adponere
1343 2173 1594 2212 consueverit

298 2233 532 2276 Herodotus,
558 2244 627 2267 nec
656 2233 705 2267 ab
735 2232 822 2268 ullo
849 2232 932 2267 alio
959 2231 1248 2280 digressionum
1280 2242 1420 2280 genere
1447 2229 1592 2267 abhor-

298 2293 416 2324 reant
442 2287 560 2322 illius
577 2289 724 2332 Musae;
750 2300 829 2323 nou
857 2287 950 2323 satis
969 2287 1155 2335 equidem
1179 2297 1335 2322 caussae
1359 2285 1495 2328 video,
1516 2295 1591 2320 cur

247 2385 251 2391 .
299 2348 373 2378 aut
399 2344 536 2379 oraculi
570 2343 612 2379 de
640 2350 758 2379 terrae
795 2349 890 2378 motu
920 2344 1070 2380 Deliaco
1105 2341 1376 2385 mentionem,
1405 2352 1451 2376 eo
1481 2339 1590 2387 quod

298 2397 418 2433 illam
441 2397 588 2433 codices
616 2397 810 2433 nonnulli
837 2396 1200 2445 praetermiserint,
1223 2402 1296 2433 aut
1330 2408 1404 2432 cur
1429 2395 1593 2431 Persico-

300 2466 378 2491 rum
398 2454 579 2491 nominum
596 2454 947 2504 interpretationem,
971 2465 1094 2501 quam
1113 2451 1212 2488 libri
1231 2451 1280 2488 ad
1309 2462 1438 2487 unum
1457 2459 1593 2486 omnes
