1718 2919
320 152 415 190 AD
461 150 719 191 VITAM
767 150 1105 189 HOMERI.
1307 153 1382 204 327

88 256 130 294 {vt
153 257 242 303 Φρεσὶ
263 253 372 294 θέο-ω.
394 251 579 305 [Recepit
600 254 670 290 hoc
687 250 800 304 Ern.]
823 256 918 290 Erat
934 254 1045 291 enim
1066 255 1222 292 Glaucus
1248 267 1386 303 capra-

91 323 182 346 rum
203 316 342 345 custos.
370 311 562 346 Barnesius
585 321 665 345 non
688 308 884 345 dissentit.

200 362 346 409 ,CAR
369 361 557 403 XXIII.
579 365 615 399 6.
644 366 779 404 πλησίον
802 364 861 401 τοῦ
889 364 1050 409 χωρίου
1071 362 1220 415 τούτου)
1250 366 1381 403 Ρανίυε

95 421 231 459 πλησίον
248 421 309 456 τοῦ
330 422 410 457 Χίου
434 420 530 456 τοῦτο
546 445 556 463 ,
577 418 682 466 quod
703 419 862 456 Bolissus
888 417 992 453 haud
1016 421 1156 466 procul
1175 420 1292 462 Chim
1317 432 1380 457 me

91 473 223 509 invito
242 480 281 510 et
300 473 469 510 minime
494 473 694 509 laudante.
727 475 847 521 Χωρίον
860 474 1047 521 praedium
1065 479 1142 518 est3
1173 474 1241 510 ubi
1259 476 1382 512 Glau-

91 541 159 564 cus
187 529 383 577 pecudum
402 527 600 565 custodiae
624 527 873 577 invigilabat.

158 596 170 618 1
187 597 218 620 1.
246 586 303 620 καὶ
323 583 398 626 τούς
416 581 654 631 ἀναπήρους
672 580 877 633 δεχομένου)
905 583 1052 627 Coecos,
1084 582 1217 632 qualis
1239 586 1381 621 Home·

92 650 176 676 rus.
216 637 346 686 Atqui
373 637 572 674 veteribus
601 636 766 685 οἱνοέπκρος
790 637 1032 686 plerumque
1065 638 1083 676 δ
1109 639 1180 676 πᾶἴν
1206 637 1248 676 ‘ro'
1278 641 1379 682 σῶμα

93 695 318 741 πεπηρωμένος
345 693 387 728 in
406 695 561 729 Pollucis
587 695 634 730 ΙΙ.
657 693 721 728 61.
749 693 878 729 Multa
903 694 957 729 Io.
980 693 1056 729 Iac.
1078 695 1306 731 lsVetstenius
1331 694 1379 730 de

91 759 184 784 voce
201 747 249 783 ad
267 750 303 784 S.
324 749 442 784 Lucae
461 750 609 797 Euang.
628 760 660 783 c.
681 761 772 791 xiv,
795 747 854 783 15.

199 800 346 841 CAP.
369 799 560 840 XXIV.
587 816 605 849 7
633 816 704 851 seq.
735 798 850 844 παῖδες
876 802 903 839 ἐν
934 800 1074 850 ἧλικίῃ)
1111 804 1218 840 Pueri
1245 803 1378 841 admo-

91 856 188 892 dum
210 864 249 893 et
275 858 393 905 plane
419 858 634 906 impuberes;
662 870 759 905 quos
788 856 914 905 prisca
940 857 1100 893 Graecia
1130 856 1205 901 τούς
1230 859 1288 902 τῆς
1309 859 1381 899 rim-

91 913 162 954 κίης
196 910 283 954 ἔντδς
313 911 491 955 γεγονότας
526 912 758 949 dictitabat:
796 922 971 959 namque
1001 912 1028 948 οἱ
1058 912 1084 949 ἐν
1121 912 1229 960 sinaxim
1262 915 1379 950 adulti

90 970 186 1002 sunt
210 971 330 1014 atque
356 966 398 1002 in
427 972 551 1003 aetate
578 968 825 1015 στρατευσίμῳ,
847 967 895 1002 de
915 966 1018 1002 iusta
1041 968 1208 1018 Taylorii
1233 967 1378 1005 doctri-

62 1022 65 1023 ’
90 1032 142 1056 na
161 1020 210 1056 ad
233 1023 368 1071 Lysiae
389 1019 530 1063 ἔπη-εἰῶ.
551 1035 589 1069 p.
615 1021 676 1058 55.

146 1073 235 1124 [10.
264 1078 321 1112 καὶ
350 1074 615 1124 Ἐπικιχλίδκς)
646 1077 830 1112 Duorum
865 1078 1091 1123 poematum
1124 1075 1285 1122 titulos,
1317 1080 1375 1114 καὶ

88 1132 407 1178 Ψαρομικχίκν,
443 1133 500 1167 καὶ
525 1129 918 1172 Ἐπταπακτικῆν,
952 1142 1051 1177 quos
1083 1130 1121 1166 h.
1143 1131 1171 1167 l.
1194 1136 1287 1167 ante
1317 1135 1374 1169 καὶ

84 1182 264 1230 Ἐπικιχλ.
293 1184 458 1220 insertos
486 1185 603 1220 habet
630 1191 761 1221 noster
789 1184 965 1232 optimus
994 1185 1112 1222 Codex
1138 1187 1376 1231 Parisiensis,

85 1238 238 1274 eosdem
252 1239 295 1274 in
309 1252 380 1276 suo
393 1240 575 1288 exemplo
593 1239 713 1275 huius
728 1239 861 1275 libelli
884 1245 1082 1287 repererat
1092 1242 1218 1277 suidas
1231 1270 1240 1286 ,
1254 1253 1374 1289 quem

86 1293 177 1329 vide
196 1293 240 1329 in
254 1306 336 1331 voc.
350 1293 518 1341 “Gangooq,
543 1297 585 1331 Τ.
603 1296 649 1331 ΙΙ.
673 1307 757 1344 pag.
779 1295 869 1330 686.
891 1294 951 1331 ed.
971 1297 1085 1330 Kflst.
1111 1295 1181 1331 ubi
1208 1295 1373 1344 quidem

83 1347 254 1384 alterius
271 1349 441 1385 titulum
461 1347 715 1387 Ἐπτοιποέκτιον
734 1349 832 1385 dant
852 1348 969 1385 hodie
987 1349 1133 1386 Suidae
1152 1349 1249 1386 libri
1265 1366 1271 1384 ε
1292 1364 1373 1399 quo

83 1402 132 1438 de
153 1404 348 1450 poematio
376 1403 609 1439 consulendi
636 1404 779 1440 Fabric.
803 1409 842 1439 et
868 1405 1015 1440 Har-les.
1042 1404 1085 1440 in
1108 1404 1211 1441 Bibl.
1238 1407 1373 1443 Graec.

85 1457 226 1495 lib.11.
250 1471 283 1495 c.
305 1471 340 1494 2.
361 1454 395 1507 ᾧ.
413 1471 523 1495 xxw.
547 1459 606 1494 n⁰.
632 1471 690 1495 lo.
711 1464 749 1495 et
773 1472 833 1496 11.
862 1457 935 1505 S.]

149 1525 210 1550 11.
234 1513 373 1550 ἐνταῦθα.
393 1513 519 1553 ἐποίησε
546 1511 640 1561 παραὶ
669 1514 719 1560 τῷ
743 1510 842 1561 Χίῳ)
872 1513 982 1549 Paria
1004 1512 1064 1549 his
1084 1514 1245 1562 Ephorus
1264 1514 1370 1562 apud

83 1568 451 1617 Ethnicographum
472 1567 513 1602 in
533 1566 703 1610 Βολιο-σός.
732 1571 819 1605 Non
838 1581 946 1604 nunc
961 1568 1113 1617 attingo
1133 1569 1178 1606 τοὶ
1200 1571 1367 1612 Παίγνια,

83 1633 187 1670 quae
203 1622 418 1666 dicuntur,
445 1624 608 1658 Homeri.
637 1623 810 1660 Abunde
828 1624 965 1659 sollers
991 1624 1052 1660 Cl.
1073 1624 1128 1660 Io.
1145 1625 1232 1661 Alb.
1246 1624 1373 1661 Fabri-

81 1679 129 1713 cii
149 1676 276 1725 (Bibl.
297 1680 364 1715 Gr.
384 1679 429 1714 II.
447 1675 509 1725 2.)
533 1677 744 1727 diligentia
762 1678 919 1726 cupidis
936 1678 1159 1714 satisfaciet.
1190 1682 1245 1715 At
1260 1679 1369 1715 enim

83 1744 209 1768 socors
238 1731 450 1780 Scriptoris
478 1732 716 1782 negligentia
743 1745 786 1769 ac
810 1733 1064 1769 taciturnitas
1086 1739 1142 1769 est
1165 1734 1371 1782 tangenda.

82 1786 306 1823 Dubitabat
318 1788 544 1831 Herodotus,
564 1798 667 1823 essen
676 1793 758 1824 t-ne
775 1787 906 1830 Ἐπίγ
918 1804 932 1825 ο
944 1804 957 1824 ν
970 1804 1005 1825 οι
1026 1788 1186 1824 Homeri
1208 1791 1341 1836 poetae
1354 1796 1369 1825 ἒ

81 1839 179 1879 Ἔστι
200 1839 230 1879 δὲ
250 1844 309 1879 καὶ
332 1840 467 1890 Ὁμήρῳ
490 1842 518 1879 ἐν
536 1840 763 1885 Ἐπιγόνοισι,
788 1843 813 1879 εἰ
836 1841 872 1883 ἓνῖ
892 1843 941 1891 τῷ
965 1841 1047 1880 ἐόντι
1071 1858 1108 1884 γε
1119 1840 1267 1891 ῌΟμκρος
1285 1844 1368 1881 ταῦ-

82 1912 128 1932 τα
143 1894 190 1933 τοὶ
216 1894 302 1934 ἔπεα
325 1897 470 1936 {noi-1152:
496 1896 569 1932 lib.
591 1898 661 1933 IV.
685 1898 746 1933 32.
775 1899 899 1933 Homo
921 1902 1075 1941 noster,
1102 1896 1134 1933 si
1158 1897 1222 1934 vir
1243 1904 1283 1934 et
1302 1899 1368 1934 bo-

83 1962 158 1986 nae
181 1950 320 1987 fuisset
340 1951 432 1987 fidei
447 1977 456 1995 ‚
485 1951 778 1988 dubitationem
809 1952 924 1988 istam
945 1958 1155 2000 amputare
1174 1952 1370 2001 litemque

81 2004 274 2042 dirimere
302 2005 346 2041 in
367 2004 538 2049 Ἐ’ξκγῆσῑι
568 2018 702 2043 rerum
729 2012 767 2043 et
794 2010 1020 2056 poematum
1054 2007 1240 2052 Homeri,
1263 2020 1370 2044 occa-

83 2060 192 2096 sione
211 2060 442 2108 praesertim
470 2061 597 2097 oblata
623 2062 756 2106 ultro,
786 2062 989 2098 debuerat.

191 2112 336 2154 CAP.
366 2113 556 2153 XXVI·
587 2124 647 2160 14.
677 2119 815 2165 Φημίῳ,
847 2114 882 2160 ἒς
913 2114 957 2157 δῆ
977 2113 1133 2165 πολλδν)
1162 2118 1256 2153 Prae
1276 2117 1368 2154 vul-

79 2175 166 2218 gato
187 2170 258 2205 hoe
277 2170 425 2206 arrisit.
454 2171 566 2206 Unde
583 2182 739 2207 versum
757 2177 890 2207 autem
911 2171 1029 2208 Vitae
1048 2177 1187 2208 auctor
1205 2177 1366 2207 mutua-

80 2230 144 2261 tus
174 2225 298 2261 fuerit
312 2251 321 2269 ‚
358 2237 437 2260 non
469 2225 618 2261 dixero.
665 2225 786 2275 Magis
819 2227 892 2263 Ios.
924 2227 1135 2264 Barnesium
1169 2226 1366 2271 demiror,

80 2281 237 2316 Homero
258 2280 392 2328 Odyss.
413 2278 463 2317 Α’.
489 2281 576 2325 154.
596 2280 889 2326 inculcantem,
909 2286 1099 2329 tanquam
1119 2281 1367 2330 genuinum,

79 2334 142 2369 sed
179 2346 311 2382 reapse
343 2346 490 2370 nexum
519 2337 837 2373 conturbantem.
885 2337 969 2372 Cur
1002 2348 1119 2383 porro
1147 2338 1206 2374 καὶ
1239 2333 1365 2378 πάλιν,

77 2400 170 2426 cum
191 2401 325 2426 versus
350 2389 422 2426 iste
446 2390 698 2438 praescriptis
721 2390 919 2427 artissime
941 2390 1176 2426 adhaereat?
