1718 2919
316 260 415 299 AD
459 257 864 297 HERODOT.
920 258 1129 308 v1.127.
1315 270 1391 310 247

101 378 148 405 νες
173 359 202 399 δὲ
232 362 292 398 τοῦ
327 360 373 398 τοὶ
404 361 509 409 μέτρα
539 359 635 409 etc.)
664 360 769 397 Sunt
797 360 890 396 haec
923 360 1099 408 turpiter
1131 360 1393 409 interpolata,

103 418 237 452 luxata
260 421 363 451 certe
383 421 420 450 et
450 415 611 452 mutila.
637 415 799 460 Phidon,
821 415 894 463 qui
925 415 1098 462 pondera
1127 422 1165 452 et
1189 428 1394 454 mensuras

101 469 393 518 Peloponnesiis
422 469 598 507 invenit.
626 475 663 506 et
692 469 932 517 Olympiade
952 483 1044 506 vm.
1076 471 1188 506 Eleos
1212 472 1395 507 certami-

100 538 201 561 num
223 524 417 572 praesidio
445 524 640 572 privavit,
670 525 800 560 multo
833 524 944 572 prior
976 524 1149 561 Phidone
1168 532 1246 569 est,
1276 526 1392 562 cuius

103 580 215 617 filius
234 579 416 615 Leocedes
443 579 548 615 inter
569 592 702 626 procos
722 579 928 628 Agaristae
947 591 1091 614 nomen
1114 582 1393 628 profitebatur.

98 637 187 672 Non
219 635 339 670 latuit
369 645 412 669 ea
445 634 519 669 loci
553 633 758 670 insulsitas
786 633 890 669 viros
926 635 1145 681 praeclaros
1178 636 1393 672 Palmerium

103 691 419 736 Gronoviumque,
443 701 618 737 quorum
641 688 704 724 hic
723 688 1019 736 opitulaturus,
1037 686 1186 732 Φείδωνος
1203 688 1286 732 ποίῖς
1303 697 1391 728 Λεω-

101 740 216 786 κήδης,
247 742 337 780 dvo*
368 740 516 786 Φείδωνος
542 741 571 780 δὲ
590 745 651 781 τοῦ
668 742 817 791 Ἀργείων
845 741 1018 790 τυράννου,
1048 744 1109 781 τοῦ
1132 741 1177 781 τοὶ
1198 747 1304 792 μέτρα
1323 752 1391 781 etc.

101 798 174 833 ille
205 809 296 834 vero
327 794 475 840 Φείδωνος
506 799 566 835 τοῦ
591 797 735 845 Ἀργείου
763 795 846 839 ποὲΐς
880 794 1072 842 Λεωκήδης,
1105 797 1316 846 τυράννου
1349 797 1390 837 δὲ

102 849 250 894 Φείδωνος
270 851 331 888 <iv
348 850 510 894 ἄγονος,
543 853 601 891 τοῦ
618 850 663 889 πὶ
680 853 783 899 μέτρα.
798 858 866 888 etc.
901 853 1012 899 Quae
1030 863 1098 901 ego
1119 853 1284 900 quidem
1307 855 1392 890 lau·

99 906 216 950 dare,
237 913 339 942 certa
368 913 563 954 praestare
593 919 673 942 non
701 918 873 954 possum.
911 906 1030 942 Prisci
1061 907 1246 943 Phidonis
1274 908 1391 956 τυροίν-

101 976 157 998 νων
174 962 237 998 τῶν
253 959 398 1000 ‘'Emona-t
421 959 578 1002 μάλιστα
603 961 790 1008 ὑβρίσαντος
816 961 1008 997 memoria
1031 962 1074 997 in
1092 963 1296 999 Pausaniae
1321 966 1390 1001 VI.

102 1028 165 1051 22.
182 1018 239 1053 W
254 1016 368 1052 ESS.
390 1035 439 1041 —
470 1017 528 1051 De
545 1015 748 1063 superiore
768 1014 842 1051 illo
862 1017 1044 1060 Phidone‚
1071 1017 1390 1054 emendationem

102 1071 274 1106 Gronovii
296 1070 465 1117 probans
489 1071 749 1106 Larcherus
781 1070 968 1107 adcurate
986 1071 1065 1120 egit
1092 1072 1134 1107 in
1156 1072 1391 1109 Adnotatio-

100 1136 149 1160 ne
167 1125 214 1160 ad
235 1125 343 1160 hunc
368 1125 523 1160 locum:
553 1132 592 1161 et
610 1125 658 1160 de
679 1130 805 1160 aetate
824 1126 989 1173 quidem
1010 1126 1128 1162 illius
1148 1139 1193 1162 ac
1212 1127 1260 1163 de
1280 1139 1391 1163 men-

97 1191 285 1216 surarum
311 1191 356 1215 ac
384 1179 606 1226 ponderum
636 1192 731 1223 usu,
759 1192 879 1228 quem
908 1180 950 1216 in
983 1181 1297 1229 Peloponnesum
1330 1183 1390 1218 in.

98 1233 318 1269 troduxisse
337 1234 590 1281 perhibetur,
611 1234 658 1270 ad
680 1234 808 1271 Strab.
830 1237 932 1272 VIII.
954 1248 1038 1284 pag.
1062 1236 1107 1272 35
1117 1238 1153 1274 8.
1169 1237 1228 1272 ed.
1242 1238 1326 1274 Cas.
1340 1238 1389 1274 ad

96 1288 201 1325 Plin.
221 1291 306 1326 VII.
329 1289 391 1324 56,
407 1284 427 1338 (
444 1289 506 1335 57.
522 1288 541 1338 )
559 1295 597 1325 et
615 1288 661 1324 ad
682 1291 881 1325 Marmora
903 1291 1030 1326 Oxon.
1051 1292 1194 1339 Epoch.
1219 1292 1281 1328 31.
1301 1305 1389 1340 pro-

94 1342 267 1385 vocavit;
296 1343 345 1378 de
362 1343 576 1380 insolentia
597 1355 689 1380 vero
705 1344 881 1380 eiusdem
904 1345 946 1380 in
974 1346 1225 1394 agonothetas
1250 1348 1389 1383 Eleen-

93 1409 150 1434 ses
166 1397 334 1434 admissa
346 1424 356 1442 ,
374 1404 529 1446 praeter
541 1400 758 1435 Pausaniam
772 1412 793 1435 a
813 1401 942 1438 Wess.
962 1400 1171 1436 laudatum
1186 1427 1196 1444 ‚
1212 1401 1259 1436 ad
1277 1413 1388 1438 eum-

92 1452 182 1489 dem
209 1453 398 1490 Strabonis
430 1454 564 1489 loeum
594 1454 710 1490 modo
739 1454 922 1491 citatum.
967 1456 1026 1490 De
1060 1455 1194 1491 eodem
1226 1457 1388 1493 homine

93 1507 250 1544 consuli
284 1513 408 1556 potest
441 1508 617 1544 eiusdem
655 1510 831 1545 Larcheri
867 1510 1160 1546 Commentatio
1196 1510 1238 1546 in
1275 1512 1388 1548 Actis

94 1562 217 1600 Acad.
237 1562 420 1610 Inscript.
442 1565 484 1599 T.
504 1565 642 1600 XLVI.
663 1576 699 1610 p.
723 1563 771 1607 43
788 1576 894 1612 seqq.
922 1563 967 1601 S.

155 1630 214 1664 17.
243 1616 337 1662 Ἀξνῖν
355 1618 390 1655 ἐκ
411 1615 573 1665 Παίου)
608 1617 809 1655 Conmode
835 1620 992 1655 Ortelius
1012 1624 1050 1654 et
1070 1620 1268 1656 Palmerius
1290 1619 1386 1658 Ποέου

93 1668 206 1714 κώμης
227 1672 348 1720 {fain-m
372 1683 420 1707 ex
446 1673 650 1708 Pausaniae
673 1672 879 1709 Arcadicis
898 1686 982 1721 cap.
1005 1674 1068 1709 23.
1092 1680 1384 1722 conpararunt‚

93 1725 243 1773 quibus
265 1732 449 1762 contento
467 1739 546 1763 esse
564 1727 671 1763 licet.
700 1730 801 1764 Nam
825 1727 1098 1770 Παλαιοπόλισς,
1128 1740 1174 1764 ex
1196 1729 1387 1777 suspicio-

93 1791 144 1816 ne
173 1781 236 1817 Cl.
270 1782 312 1817 de
332 1782 464 1826 Pam,
493 1781 542 1816 de
568 1781 763 1818 Arcadiae
791 1782 1015 1827 Mantinea,
1052 1783 1252 1831 locuplete
1281 1790 1387 1821 caret

94 1839 208 1880 teste,
227 1834 393 1883 abitque
410 1836 581 1886 longius.
610 1838 788 1874 Multum
810 1849 972 1885 quoque
992 1837 1185 1874 Codicum
1203 1851 1385 1887 quorun-

90 1888 182 1926 dam
213 1888 335 1932 Ποέγου
358 1887 476 1933 πόλιος
505 1891 679 1935 versavi,
711 1891 775 1927 sed
805 1891 923 1928 irrita
949 1904 1082 1940 opera.
1110 1894 1276 1930 Certum
1305 1900 1384 1938 est⁷

88 1943 394 1988 Phormionem,
423 1946 601 1982 Castores
632 1946 805 1994 hospitio
827 1946 1091 1994 excipientem
1121 1947 1165 1983 in
1194 1949 1384 1985 Plutarch.

90 2000 132 2035 T.
151 2001 196 2035 II.
219 2012 256 2047 p.
282 2012 294 2034 1
309 2000 396 2036 103.
416 2014 477 2044 A.‚
504 2001 706 2037 diversum
726 2001 854 2037 videri
876 2002 927 2037 ab
955 2003 1205 2050 Euphorione,
1235 2004 1387 2052 Lapha-

92 2055 147 2089 nis
162 2061 288 2102 patre:
318 2053 384 2089 hic
412 2058 531 2091 Arcas
554 2070 596 2092 ea:
624 2057 789 2100 Azania,
818 2056 893 2091 ille
917 2057 1136 2104 Spaniam,
1166 2063 1206 2093 et
1235 2057 1384 2094 dubiae

92 2107 375 2155 hospitalitatis
396 2110 502 2157 apud
526 2111 686 2146 Pausan.
709 2112 772 2147 III.
799 2112 858 2147 16.
885 2111 1063 2149 WESS.

149 2174 211 2207 27.
237 2163 274 2200 ἐκ
290 2160 320 2200 δὲ
345 2168 451 2202 Θεσσ.
479 2159 611 2214 ἦλθε)
631 2166 728 2202 Med.
749 2172 788 2201 et
808 2167 896 2202 Ask.
919 2161 1001 2214 ἦρχε
1023 2165 1383 2203 considerationem

94 2215 198 2251 haud
232 2219 480 2263 merebatur,
514 2219 667 2268 quippe
693 2220 917 2256 scribarum
952 2220 1125 2265 vitium,
1151 2228 1189 2257 et
1213 2235 1236 2258 a
1258 2224 1382 2271 Steph.

92 2270 182 2320 Byz.
200 2270 455 2309 damnatum:
487 2286 568 2322 quo
598 2274 641 2310 in
664 2275 864 2323 Scriptore
883 2272 1092 2323 Διακτορίδης
1115 2275 1181 2323 γοὶρ
1206 2276 1383 2324 Κρανώνιος

94 2324 307 2373 refingitur
329 2325 406 2376 οἶνῆρ
434 2327 610 2377 Κρανῶνιος
627 2329 793 2366 Miscell.
818 2332 917 2366 Nov.
940 2331 1050 2366 Tom.
1069 2332 1139 2368 IV.
1159 2344 1246 2379 pag.
1266 2332 1356 2375 246.
1372 2359 1381 2376 ,

93 2383 239 2414 temere
251 2380 478 2419 admodum.
507 2385 592 2431 Ipsa
611 2391 707 2420 sunt
719 2385 900 2421 Herodoti
915 2386 1032 2420 verba
1048 2410 1058 2426 ‚
1075 2398 1178 2433 quae
1196 2385 1382 2434 inportu—

92 2446 191 2468 num
221 2433 329 2470 illud
356 2435 422 2484 ’γάρ
458 2439 737 2483 resecandum,
773 2438 893 2475 sicuti
930 2440 1061 2476 Pinedo
1094 2445 1133 2476 et
1167 2442 1381 2477 Holstenius

88 2496 387 2535 perspexerunt,
413 2492 680 2530 claredocent.
707 2495 953 2543 Scopadarum
966 2493 1167 2531 familiam
1185 2495 1280 2531 hinc
1295 2496 1380 2533 Cel.

85 2543 247 2580 Perizon.
265 2543 313 2580 ad
335 2547 479 2584 Aeliani
509 2551 606 2586 Var.
621 2550 707 2586 XII.
731 2562 763 2585 1.
793 2547 1034 2586 illustravit.
1056 2552 1113 2591 W
1125 2550 1234 2587 ESS.
