1718 2919
317 248 369 298 93
605 244 1358 288 ADNOTATIONES

314 350 460 387 ctionis
486 347 618 395 δόξαν
653 350 782 396 φύειν
815 351 1035 398 sententia,
1065 365 1189 401 quam
1220 352 1290 388 illi
1319 353 1504 397 voluere,
1532 353 1621 391 scil.

314 420 447 443 vanam
471 408 614 443 iactans
640 409 819 456 gloriam,
847 421 998 456 magnos
1027 408 1094 445 sibi
1123 410 1271 457 spiritus
1301 421 1454 446 sumens.
1491 408 1620 453 Tum,

315 462 421 510 quod
444 461 639 498 adiicitur
665 463 833 498 verbum
865 462 1141 507 αυξάνεται,
1173 463 1214 499 id
1239 469 1312 500 aut
1339 463 1381 499 in
1403 475 1489 500 eam
1511 469 1619 512 pote,

315 517 371 553 rit
396 517 635 553 sententiam
656 517 806 565 accipi
832 531 898 565 qu
891 531 954 553 un
974 530 1043 553 nos
1063 518 1107 553 in
1127 518 1280 555 Latinis
1299 519 1444 555 nostris
1462 530 1620 566 expres-

313 572 463 617 simus,
490 575 696 608 maiores
729 574 938 622 quotidie
969 573 1035 609 sihi
1064 575 1212 622 spiritus
1235 576 1364 619 sumit5
1389 579 1462 610 aut
1488 573 1557 623 (id
1581 573 1617 610 si

315 627 452 663 minus
468 625 621 675 placet)
639 640 731 663 cum
749 627 843 664 aliis
856 655 865 673 ‚
889 627 1040 676 quibus
1065 629 1209 665 lubens
1227 629 1388 674 accedo,
1414 628 1620 678 intellige-

315 688 404 727 tur,
426 696 576 733 magnos
600 683 667 718 sibi
686 684 834 732 spiritus
856 698 994 720 sumens
1017 686 1201 733 augescit,
1223 685 1477 721 incrementum
1498 687 1617 734 capit,

307 741 511 787 potentiam
537 751 639 774 suam
662 745 782 787 auget.
809 736 854 776 S.
870 735 885 789 J

372 793 436 830 23.
466 792 544 835 ἅμα
564 793 623 834 ὀμ.
621 810 641 829 ν
675 789 953 843 οἰκεόμενον)
989 794 1153 830 Cultius
1182 795 1254 831 hoc
1278 807 1350 842 pro
1369 799 1489 843 captu
1519 794 1617 830 scri·-

310 849 480 893 barum,
516 848 667 897 quibus
697 861 816 883 suum
848 847 1069 891 ἀπικόμενοι,
1102 849 1259 898 alioqui
1290 849 1524 894 tolerabile,
1555 860 1617 885 re-

310 903 470 940 donavi.
511 906 690 940 Homerus
718 903 835 940 Iliad.
868 902 904 940 ν’.
938 916 949 938 1
966 904 1025 940 15.
1046 903 1143 941 Ἀλλ’
1168 902 1344 948 οἷκεωμεθοι
1368 905 1524 946 &oica-ov,
1555 904 1618 941 sed

313 961 514 996 medeamur
530 972 638 1009 ocyus
661 959 742 994 huic
767 962 877 995 malo.
906 960 990 1006 Ipse
1010 959 1084 995 lib.
1103 961 1165 997 ΙΙΙ.
1189 968 1253 1005 40.
1281 957 1395 1008 τρόπῳ
1417 958 1518 1008 viii}
1535 958 1616 1001 ἐμεῦ

309 1013 512 1062 εἶποκειμένῳ
541 1013 669 1051 οἷκέοτ
708 1019 746 1050 et
767 1014 928 1061 plenius
950 1013 1023 1050 lib.
1051 1016 1079 1051 Ι.
1114 1015 1200 1060 167.
1227 1012 1421 1057 βουλόμενοι
1453 1013 1617 1051 α’κέσοι-

309 1070 416 1106 σθαι
449 1068 506 1109 τήν
540 1066 741 1115 ἁμαρτάδα.
771 1065 1004 1119 [Similiter
1032 1070 1071 1105 h.
1106 1070 1135 1106 l.
1164 1069 1418 1118 intelligitur
1442 1066 1616 1111 οἰκεόμενοι

308 1123 356 1161 τοὶ
386 1120 621 1174 iniqu-ouem]
651 1125 923 1161 Hemsterhusio
952 1124 1058 1160 idem
1090 1124 1134 1160 in
1165 1124 1399 1173 opinionem
1428 1129 1614 1168 venerat,

306 1180 510 1228 eleganter
536 1179 578 1214 in
599 1180 791 1217 Aeschinis
819 1180 925 1216 Dial.
950 1181 1012 1216 III.
1040 1180 1100 1216 15.
1126 1179 1236 1223 μόνως
1255 1176 1285 1216 δὲ
1309 1179 1443 1217 οἰκεῖται
1468 1181 1535 1221 τοῖς
1561 1175 1616 1215 δυ-

307 1235 452 1277 ναμένοις
485 1234 725 1284 corrigenti,
761 1236 846 1271 loco
874 1234 1003 1282 inepti
1035 1234 1197 1284 α’ρκεῖται.
1241 1233 1420 1271 Revertit
1446 1233 1616 1281 insuper

307 1286 397 1338 [lin.
421 1289 511 1335 28.]
536 1288 755 1333 οἷπελέμε9κ,
783 1290 889 1338 quod
912 1289 1071 1326 auctius
1098 1302 1146 1326 ex
1171 1290 1268 1327 Med.
1287 1295 1510 1326 accesserat.
1539 1287 1615 1326 Vi-

306 1344 355 1381 de
376 1351 508 1381 tamen
533 1345 604 1381 lib.
625 1346 729 1382 VlII.
750 1346 784 1382 3.
813 1346 996 1384 WESS.

421 1397 567 1439 CAP.
586 1397 745 1439 XCII.
768 1402 802 1438 3.
826 1402 982 1448 Κορίνθιος
1005 1397 1035 1437 δὲ
1062 1397 1360 1449 Σωσικλέκς)
1392 1399 1547 1442 Σωκλέης
1567 1398 1612 1435 in

310 1455 433 1492 Codd.
451 1454 666 1500 scribitur,
683 1462 722 1492 et
740 1456 782 1492 in
804 1455 910 1492 edito
927 1455 1127 1492 Plutarcho
1144 1457 1190 1491 II.
1212 1468 1249 1502 p.
1275 1455 1366 1492 860.
1386 1468 1418 1491 F.
1442 1454 1615 1496 Σωκλέους

306 1508 494 1554 διελθόντος.
523 1506 670 1561 [Nunc
701 1512 867 1559 quidem
888 1516 928 1547 et
946 1510 1053 1558 apud
1085 1511 1275 1547 Plutarch.
1303 1511 1511 1552 Σωσικλέους
1529 1508 1614 1544 edi-

308 1572 396 1610 tur,
412 1571 450 1602 et
461 1566 646 1601 mendose
660 1568 856 1609 Σοσικλέους
871 1566 970 1602 olim
985 1566 1028 1600 in
1043 1565 1105 1602 ed.
1119 1565 1272 1602 Francf.
1295 1577 1306 1599 1
1319 1565 1411 1601 620.
1434 1564 1541 1601 Vide
1551 1563 1613 1601 ed.

306 1622 464 1657 Hutten.
483 1623 526 1658 T.
559 1622 643 1657 XII.
670 1634 708 1669 p.
736 1618 854 1672 304]
884 1621 997 1657 Talia
1029 1621 1209 1656 solebant
1234 1620 1354 1656 etiam
1380 1633 1402 1656 a
1430 1618 1614 1656 librariis

306 1676 504 1712 contrahi.
535 1676 679 1713 Veluti
701 1677 853 1713 diversa
881 1676 1047 1712 nomina
1077 1688 1150 1711 usu
1178 1675 1535 1724 distinguebantur
1547 1677 1615 1711 So·

306 1739 424 1768 crates
444 1737 483 1767 et
506 1733 729 1777 Sosicrates;
760 1733 946 1781 Sophancs
969 1738 1007 1768 et
1032 1731 1271 1781 Sosiphanes;
1300 1741 1431 1778 neque
1457 1736 1616 1766 contra-

306 1787 510 1822 hebantur
542 1799 563 1822 a
589 1761 746 1824 Graecis
774 1787 940 1824 nomina
970 1788 1126 1825 Σωσί9τ5.
1114 1803 1149 1830 .,
1185 1788 1346 1828 Ewm'fs'ceg
1356 1810 1366 1826 ‚
1402 1788 1610 1835 Σωσιγένης,

305 1847 344 1878 et
371 1841 538 1879 similia.
583 1844 802 1891 Σωσίπατρος
827 1849 994 1879 vocatur
1018 1842 1060 1876 in
1090 1843 1163 1889 Ep.
1189 1841 1236 1876 ad
1269 1842 1381 1877 Rom.
1410 1853 1503 1884 ΧΠ,
1528 1853 1591 1876 21.
1582 1866 1613 1885 .‚

306 1896 380 1945 qui
402 1898 491 1933 Act.
509 1898 587 1944 Ap.
609 1912 677 1942 xx,
700 1906 738 1942 4.
761 1903 818 1933 est
845 1900 1010 1944 Σώπκτεῡ
1015 1913 1051 1941 ς,
1081 1896 1153 1931 ubi
1182 1895 1347 1945 quidem
1378 1895 1421 1930 in
1452 1895 1615 1943 aliquot

309 1951 433 1988 Codd.
454 1951 604 2000 legitur
624 1955 840 1997 Σωσίπκτρςς
858 1969 864 1986 2
896 1953 938 1987 in
966 1964 1046 1988 uno
1066 1952 1213 1987 vellem
1244 1951 1418 1986 alterove
1448 1950 1504 1986 sic
1533 1949 1613 1985 ibi·
1650 1985 1656 1990 ,
1692 1965 1694 1971 ·

307 2006 397 2042 dem
421 2007 630 2056 sequentia
652 2007 948 2044 scriberentur:
977 2014 1085 2045 Θετσ.
1112 2004 1142 2043 δὲ
1159 2005 1375 2054 'Apio-roam&
1391 2008 1448 2042 καὶ
1471 2006 1612 2043 Σεκοῦν-

309 2059 358 2104 δος
376 2065 434 2098 καὶ
456 2061 554 2104 Γοέϊος
568 2087 578 2103 ,
607 2065 759 2110 Δεξβκῖος
783 2060 811 2100 δὲ
839 2061 1019 2104 Τι,ι.ι5’9εος;
1055 2068 1099 2097 ut
1121 2060 1402 2110 corrigendum
1418 2060 1615 2097 viderunt

305 2118 357 2153 H.
378 2118 422 2152 V.
445 2121 483 2153 et
503 2117 596 2153 Adr.
615 2119 798 2166 Heringa.
830 2118 988 2154 VALC
1003 2119 1051 2152 K.

361 2171 452 2208 [bid.
475 2165 525 2208 ‘H
556 2168 591 2211 δή
624 2170 665 2217 ἕ,
688 2187 731 2209 τε
761 2169 926 2222 οὖρανᾰς)
954 2172 1191 2208 Auscultavi
1216 2171 1434 2215 Eustathio,
1459 2172 1512 2207 H.
1535 2172 1614 2207 Ste-

302 2227 450 2275 phano,
472 2228 599 2262 Porto.
621 2226 728 2275 Quid
747 2227 856 2262 enim
875 2227 1147 2264 turbatissima
1172 2231 1483 2275 perseverarent,
1500 2238 1613 2273 prae·
1645 2247 1649 2251 -

305 2282 444 2318 sertim
474 2294 566 2317 cum
587 2284 830 2330 subsequens
858 2280 911 2320 ὅτε
935 2282 1038 2318 serre
1061 2283 1237 2318 alterum
1262 2287 1463 2330 nequeat?
1493 2282 1613 2318 Recte

305 2339 358 2373 H.
377 2337 499 2386 steph.
519 2337 730 2385 adscripsit
748 2337 997 2374 Ovidianum
1012 2364 1020 2372 .
1044 2338 1177 2374 Omnia
1207 2344 1359 2373 naturae
1373 2342 1613 2385 praepostera.

303 2393 439 2441 legibus
463 2392 778 2442 ibunt‚·Parsque
804 2407 903 2430 suum
935 2393 1056 2428 mundi
1081 2395 1180 2428 nulla
1203 2393 1334 2428 tenebit
1354 2394 1435 2428 iter.
1477 2392 1613 2429 Omnia

306 2450 378 2484 iam
391 2449 490 2494 fient
523 2454 597 2484 etc.
626 2448 806 2486 WESS.
828 2468 879 2474 —
910 2447 1015 2484 Vide
1037 2453 1211 2483 nostram
1237 2450 1332 2484 Var.
1352 2449 1454 2483 Lect.
1483 2444 1530 2484 S.

361 2503 450 2541 ,3.et
464 2515 561 2552 seqq.
589 2503 722 2539 Prima
749 2504 931 2541 Corinthii
961 2504 1107 2541 Sosiclis
1128 2502 1276 2539 oratio:
1295 2496 1347 2540 ‘H
1373 2500 1410 2543 bn*
1436 2499 1472 2544 δ’,
1501 2516 1536 2539 τε
1555 2499 1612 2540 οὔ·
