1718 2919
259 285 358 326 AD
400 284 809 324 HERODOT.
837 283 955 326 vn.
989 287 1151 326 18-20·
1288 287 1365 337 287

73 391 179 429 bella
205 402 253 427 ex
273 389 393 427 bellis
412 389 607 434 cientem,
637 389 709 428 lib.
732 393 763 428 Ι.
790 401 880 441 190.
898 390 1118 439 descripsit.
1149 389 1370 428 Verissime

74 448 181 484 Philo
204 445 284 483 Iud.
308 445 388 481 alia
417 444 487 493 etsi
508 445 550 480 in
571 455 637 490 re,
666 445 714 481 de
732 447 892 494 Septen.
920 459 957 494 p.
984 447 1099 485 1186.
1123 460 1162 484 A.
1188 448 1215 484 ἔν
1240 448 1324 494 μέρει
1341 443 1370 483 δ’

68 500 379 549 ,ἀτρεμίζοντα
398 498 588 548 ἑτοιμότερος
608 503 668 537 καὶ
686 499 912 550 εὖκινκτότερκ
934 500 980 538 τοὶ
993 502 1053 539 τοῦ
1072 499 1226 544 σώματος
1245 500 1366 546 ἴσχωσι

73 557 166 603 μέρη.
197 555 368 595 WESS.

131 606 218 660 [14.
247 608 340 648 Ἐπεὶ
357 607 388 647 δὲ
408 606 564 651 δαιμωνῖη
587 626 635 653 τις
658 610 782 651 γίνεται
810 608 920 659 ὁρμή)
951 612 1089 646 Totam
1113 610 1229 646 istam
1251 610 1372 646 histo-

76 665 224 703 riolam
247 664 434 714 quisquis
456 664 617 713 legerit,
637 663 669 701 is
690 676 867 709 111800111,
895 672 1012 714 puto,
1041 660 1120 700 non
1140 670 1218 701 tam
1244 665 1370 701 imbe-

65 720 249 759 ,ciuitate
271 720 498 756 offendetur
523 719 666 756 Xerxis
690 727 729 755 et
751 720 972 765 Artabani,
998 720 1182 770 indignas
1212 720 1369 757 fraudes

78 788 126 812 ex
150 774 349 813 Mardonii
378 774 677 811 machinatione
701 774 889 812 conflatas
913 776 960 812 ad
991 775 1179 812 divinum
1219 787 1371 811 numen

76 830 365 874 referentium,
393 842 515 878 quarn
545 830 757 878 Scriptoris
778 831 904 867 nostri
935 830 1157 866 mirabitur
1174 830 1373 878 simplici-

78 891 223 930 tatem,
253 885 387 921 omnia
416 884 489 921 ista
515 889 625 922 tanta
653 898 746 921 00111
778 886 970 934 gravitate
998 898 1041 922 ac
1072 886 1159 921 sine
1190 887 1276 921 ulla
1306 898 1371 922 su-

72 940 268 989 spicionis
296 940 591 989 significatione
619 941 834 977 narrantis.
878 941 946 977 Sed
985 941 1078 976 haee
1108 941 1297 989 quidem,
1327 946 1372 976 ut

74 996 156 1032 alia
182 995 407 1040 nonnulla,
428 995 696 1032 condonemus
721 995 800 1032 viri
824 995 1010 1044 alioquin
1030 996 1174 1044 optimi
1198 995 1373 1044 pruden-

76 1050 305 1099 tissimique
330 1050 537 1099 religioni!
565 1047 629 1101 S.]

139 1107 199 1142 16.
232 1103 329 1152 spheri
354 1121 402 1147 τις
430 1110 636 1148 καταλαμΒ.
656 1102 843 1153 θεήλατος)
870 1106 944 1141 illa
975 1104 1070 1153 Φθορνῖ
1090 1104 1273 1148 θεήλατος,
1306 1105 1370 1141 sed

75 1162 205 1199 Persas
231 1157 336 1211 [non
359 1157 543 1211 Graecos]
566 1161 776 1197 adllietura
791 1159 811 1203 ,’
828 1162 973 1209 tragica
990 1161 1166 1212 Aeschyli
1197 1160 1373 1197 dictione

77 1216 266 1265 pingitur
285 1215 329 1250 in
349 1217 450 1252 Pers.
473 1229 528 1251 vs.
554 1229 640 1252 102.
660 1222 732 1253 etc.
765 1216 945 1253 WESS.

130 1267 223 1322 [21.
255 1271 339 1308 θεοῦ
356 1267 611 1319 παραδιδόντος)
645 1271 760 1308 Conf.
781 1274 832 1307 V.
852 1271 897 1319 67
913 1298 921 1314 ,
944 1271 1004 1308 15.
1031 1267 1102 1322 5,]

186 1323 328 1365 CAP.
346 1323 482 1363 XIX.
512 1321 559 1377 [6
583 1340 653 1375 seq.
682 1324 772 1368 μετ-οὶ
795 1324 825 1363 δὲ
844 1324 933 1373 etc.)
963 1326 1069 1372 Quid
1091 1325 1143 1362 sit
1170 1325 1276 1374 quod
1305 1325 1374 1362 ad-

74 1380 189 1418 1101111
216 1381 398 1418 evanuisse
427 1381 510 1417 dein
540 1395 732 1425 coronam,
758 1381 864 1416 haud
893 1381 1091 1429 percipi03
1120 1381 1375 1429 quandoqui-

73 1436 163 1473 dem
190 1437 262 1472 hoc
292 1435 341 1471 ad
372 1435 584 1472 sinistrum
616 1436 762 1486 magis,
793 1449 915 1483 quam
949 1436 997 1471 ad
1026 1435 1204 1472 faustum
1232 1448 1372 1481 0111011,

72 1491 201 1529 videri
224 1497 377 1539 poterat
396 1491 609 1539 pertinere.
648 1491 882 1529 Videndum
901 1491 1020 1527 satis·
1036 1504 1085 1527 ne
1111 1504 1229 1527 sanus
1249 1498 1287 1527 et
1311 1492 1374 1526 in-

76 1551 181 1596 teger
206 1548 259 1582 sit
282 1547 402 1582 locus.
432 1543 501 1596 S]

183 1600 327 1641 CAP.
346 1600 452 1639 XX.
482 1614 512 1637 1.
537 1601 588 1638 ἐπὶ
611 1604 667 1642 μὲν
688 1601 822 1647 τέο-τερα
845 1598 923 1637 ἔτεα
944 1596 1100 1649 marstem)
1130 1600 1252 1637 Testis
1274 1602 1375 1637 Thu-

75 1658 219 1708 qydi'des
241 1663 296 1693 est
316 1656 388 1692 lib.
403 1658 430 1692 I.
450 1658 509 1692 18.
529 1656 683 1692 decimo
699 1668 718 1691 a
736 1656 985 1692 Marathonia
1008 1669 1139 1705 pugna
1159 1669 1266 1692 anno
1277 1658 1376 1693 Xer·

77 1724 165 1749 xem
187 1711 481 1759 expeditionem
510 1711 553 1746 in
577 1714 739 1748 Graecos
759 1711 982 1757 suscepisse.
1023 1712 1129 1747 Plato
1152 1711 1224 1747 lib.
1243 1713 1305 1747 111.
1325 1711 1375 1747 de

77 1768 165 1816 Leg.
186 1780 223 1815 p.
240 1768 331 1817 698.
353 1780 386 1803 c.
404 1764 521 1811 σχεὸδν
545 1764 626 1802 δέκα,
646 1764 752 1807 ἔτεσι,
782 1767 895 1801 decem
908 1763 1027 1812 ferme
1049 1769 1175 1810 annis,
1198 1772 1289 1802 ante
1308 1767 1375 1804 Sa-

75 1822 295 1858 laminium
318 1822 519 1869 praelium
548 1823 674 1856 Persas
702 1828 741 1856 et
760 1821 1022 1857 Athenienses
1053 1821 1094 1856 in
1123 1822 1373 1858 Marathonio

75 1889 216 1925 campo
236 1876 453 1913 conmittit.
484 1876 585 1912 Hine
608 1876 819 1911 dissidium
844 1876 891 1910 de
918 1875 1133 1912 intervallo
1161 1877 1372 1926 temporis,

77 1944 159 1980 quo
177 1937 375 1968 certamen
397 1931 649 1980 disiungitur
669 1938 912 1978 utrumque,
931 1931 991 1966 his
1009 1931 1140 1967 deceni
1157 1959 1166 1976 ,
1187 1932 1274 1966 illis
1301 1945 1374 1967 un-

76 1986 204 2023 decim
223 1999 347 2023 annos
367 1987 644 2034 probantibus.
685 1987 864 2022 Herodoti
889 1986 1061 2022 calculos
1093 2000 1161 2022 nos
1181 1987 1375 2023 subduce-

77 2053 180 2079 mus.
225 2042 479 2090 Apparatum
517 2041 632 2078 Darii
665 2041 712 2076 ad
746 2054 893 2076 novum
930 2041 973 2076 in
1016 2044 1178 2078 Graecos
1215 2043 1372 2077 bellum

79 2096 319 2133 triennalem
348 2096 520 2146 signavit
540 2109 571 2132 0.
597 2110 646 2138 1.;
680 2096 924 2144 adiungens.
955 2104 1098 2144 quarto
1134 2103 1217 2144 post
1246 2099 1374 2134 Mara-

80 2151 258 2188 thoniam
281 2164 456 2201 pugnam
476 2163 583 2187 anno
599 2152 812 2200 Aegyptios
832 2151 1057 2194 descivisse;
1081 2159 1167 2187 tum
1190 2153 1373 2200 proximo

79 2206 131 2241 ab
151 2218 289 2242 eorum
309 2207 528 2243 desectione
548 2206 718 2242 Darium
737 2207 843 2242 diem
862 2206 1005 2242 obiisse
1025 2219 1262 2255 supremum
1283 2220 1315 2243 0.
1335 2217 1373 2251 4.

77 2260 153 2308 qui
174 2261 342 2308 quintus
362 2263 505 2310 utique
524 2274 545 2297 a
568 2261 719 2309 praelio
738 2261 1002 2298 Marathonio.
1037 2263 1274 2310 Sequuntur
1291 2264 1373 2310 ple-

80 2314 125 2351 ni
145 2322 320 2363 quatuor
337 2317 455 2362 anni,
474 2329 496 2352 a
516 2320 644 2354 Xerxe
662 2316 703 2351 in
723 2316 986 2365 conparandis
1011 2317 1058 2351 ad
1074 2319 1267 2354 Graecum
1290 2319 1374 2353 bel-

80 2369 171 2406 lum
199 2371 316 2406 rebus
335 2372 531 2408 absumti:
553 2375 698 2419 πέμπτῳ
720 2369 749 2409 δὲ
773 2370 859 2413 ἔτεϊ,
877 2374 1039 2409 volvente
1062 2372 1143 2408 sive
1156 2373 1372 2421 procedente

77 2437 176 2461 anm)
200 2427 344 2474 quinto,
376 2438 443 2462 rex
467 2429 578 2463 Persa
604 2426 897 2474 expeditionem
927 2426 1173 2474 ingreditur3
1200 2428 1373 2464 delatus-

78 2491 158 2528 que
185 2481 314 2517 Sardes
349 2487 434 2528 post
469 2482 546 2518 iter
582 2483 748 2531 longum
796 2481 1097 2530 interquiescit,
1135 2494 1179 2518 ae
1219 2482 1370 2518 ibidem

77 2533 251 2582 hie-mem
270 2535 455 2586 transigit
475 2549 508 2575 c.
528 2537 589 2575 32.
615 2549 707 2574 vere
725 2536 869 2572 deinde
888 2536 1056 2574 ineunte
1072 2537 1261 2586 Abydum
1284 2549 1373 2586 pro·
